Order ID,Order Date,Order Quantity,Sales,Profit,Unit Price,Shipping Cost,Zip Code,Region,Customer Segment,Product Category,Product Sub-Category,Product Base Margin,Ship Date
3,8/26/2010,6,261.54,-213.25,38.94,35,7514,East,Small Business,Office Supplies,Storage & Organization,0.8,9/2/2010
6,1/3/2012,2,6.93,-4.64,2.08,2.56,10457,East,Corporate,Office Supplies,"Scissors, Rulers and Trimmers",0.55,1/4/2012
32,5/28/2011,15,140.56,-128.38,8.46,8.99,44197,Central,Corporate,Technology,Computer Peripherals,0.79,5/29/2011
32,5/28/2011,24,1761.4,-1748.56,70.89,89.3,44197,Central,Corporate,Furniture,Tables,0.72,5/29/2011
32,5/28/2011,23,160.2335,-85.129,7.99,5.03,44197,Central,Corporate,Technology,Telephones and Communication,0.6,5/30/2011
32,5/28/2011,26,2808.08,1054.82,107.53,5.81,44197,Central,Corporate,Furniture,Office Furnishings,0.65,5/30/2011
35,9/4/2011,30,288.56,60.72,9.11,2.25,49822,Central,Corporate,Office Supplies,Pens & Art Supplies,0.52,9/5/2011
35,9/4/2011,14,1892.848,48.987,155.99,8.99,49822,Central,Corporate,Technology,Telephones and Communication,0.58,9/6/2011
36,9/15/2011,46,2484.7455,657.477,65.99,4.2,6074,East,Home Office,Technology,Telephones and Communication,0.55,9/15/2011
65,1/28/2011,32,3812.73,1470.3,115.79,1.99,19936,East,Corporate,Technology,Computer Peripherals,0.49,1/29/2011
66,12/2/2008,41,108.15,7.57,2.88,0.7,27006,South,Consumer,Office Supplies,Pens & Art Supplies,0.56,12/2/2008
69,4/16/2009,42,1186.06,511.69,30.93,3.92,43567,Central,Corporate,Furniture,Office Furnishings,0.44,4/18/2009
69,4/16/2009,28,51.53,0.35,1.68,0.7,43567,Central,Corporate,Office Supplies,Pens & Art Supplies,0.6,4/18/2009
70,10/30/2010,46,7804.53,2057.166,205.99,5.99,27006,South,Home Office,Technology,Telephones and Communication,0.59,11/4/2010
70,10/30/2010,48,90.05,-107,1.86,2.58,27006,South,Home Office,Office Supplies,Rubber Bands,0.82,11/4/2010
96,2/27/2009,37,4158.1235,1228.887,125.99,8.99,73301,Central,Home Office,Technology,Telephones and Communication,0.55,3/1/2009
97,12/11/2009,26,75.57,28.24,2.89,0.5,85354,West,Consumer,Office Supplies,Labels,0.38,12/12/2009
129,10/1/2012,4,32.72,-22.59,6.48,8.19,6439,East,Corporate,Office Supplies,Paper,0.37,10/10/2012
130,3/20/2012,29,575.11,71.75,18.97,9.03,32003,South,Corporate,Office Supplies,Paper,0.37,3/21/2012
130,3/20/2012,3,461.89,-356.12,150.98,13.99,32003,South,Corporate,Technology,Office Machines,0.38,3/22/2012
130,3/20/2012,23,236.46,-134.31,9.71,9.45,32003,South,Corporate,Office Supplies,Storage & Organization,0.6,3/23/2012
132,4/23/2010,27,192.814,-86.196,7.99,5.03,21290,South,Consumer,Technology,Telephones and Communication,0.6,4/24/2010
132,4/23/2010,30,4011.65,-603.8,130.98,54.74,21290,South,Consumer,Furniture,Bookcases,0.69,4/26/2010
134,3/13/2012,11,1132.6,-310.21,95.99,35,81221,West,Home Office,Office Supplies,Storage & Organization,0.82,3/15/2012
135,9/2/2011,25,125.85,-89.25,4.98,4.62,43054,Central,Consumer,Technology,Computer Peripherals,0.64,9/4/2011
166,7/25/2011,10,567.936,-126.093,65.99,8.99,84001,West,Consumer,Technology,Telephones and Communication,0.55,7/27/2011
193,6/20/2010,14,174.89,-37.04,12.44,6.27,85233,West,Consumer,Office Supplies,Storage & Organization,0.57,6/22/2010
194,2/16/2012,49,329.03,-197.25,7.28,7.98,30002,South,Corporate,Furniture,Office Furnishings,0.42,2/18/2012
194,2/16/2012,6,20.19,-13.44,3.14,1.92,30002,South,Corporate,Office Supplies,"Scissors, Rulers and Trimmers",0.84,2/18/2012
195,11/9/2010,34,1315.74,260.87,36.55,13.89,6074,East,Home Office,Office Supplies,Pens & Art Supplies,0.41,11/11/2010
197,2/17/2011,23,310.52,33.22,12.98,3.14,45999,Central,Home Office,Office Supplies,"Scissors, Rulers and Trimmers",0.6,2/19/2011
224,4/30/2009,25,184.86,-33.95,7.38,5.21,6439,East,Corporate,Furniture,Office Furnishings,0.56,5/1/2009
224,4/30/2009,33,528.5,-149.92,15.42,10.68,6439,East,Corporate,Office Supplies,Storage & Organization,0.58,5/1/2009
224,4/30/2009,44,267.85,-65.43,5.98,5.15,6439,East,Corporate,Office Supplies,Paper,0.36,5/1/2009
225,4/6/2011,24,126.58,18.27,5.58,0.7,27801,South,Home Office,Office Supplies,Pens & Art Supplies,0.6,4/7/2011
225,4/6/2011,1,23.7,-8.97,19.84,4.1,27801,South,Home Office,Office Supplies,Pens & Art Supplies,0.44,4/8/2011
229,11/10/2010,24,599.1,3.8165,24.92,12.98,39901,South,Consumer,Office Supplies,Binders and Binder Accessories,0.39,11/11/2010
229,11/10/2010,43,586.11,98.44,12.64,4.98,2139,East,Consumer,Furniture,Office Furnishings,0.48,11/12/2010
230,9/8/2010,47,2029.75,320.37,43.98,8.99,77474,Central,Corporate,Office Supplies,Pens & Art Supplies,0.58,9/10/2010
230,9/8/2010,11,1118.396,-212.333,125.99,8.08,77474,Central,Corporate,Technology,Telephones and Communication,0.57,9/10/2010
231,8/11/2009,2,689.74,-490.84,363.25,19.99,62999,Central,Small Business,Office Supplies,Appliances,0.57,8/13/2009
258,11/10/2010,7,201.36,-284.4,20.98,53.03,27010,South,Home Office,Office Supplies,Storage & Organization,0.78,11/11/2010
258,11/10/2010,21,154.35,-91.14,6.48,8.74,27010,South,Home Office,Office Supplies,Paper,0.36,11/12/2010
258,11/10/2010,33,216.77,-55.108,6.54,5.27,27010,South,Home Office,Office Supplies,Binders and Binder Accessories,0.36,11/12/2010
261,5/11/2010,47,5677.609,1680.786,140.99,4.2,49971,Central,Small Business,Technology,Telephones and Communication,0.59,5/12/2010
263,3/29/2009,25,136.77,-136.252,5.4,7.78,96061,West,Corporate,Office Supplies,Binders and Binder Accessories,0.37,3/30/2009
290,11/13/2008,24,188.73,-32.48,7.64,5.83,28717,South,Home Office,Office Supplies,Paper,0.36,11/14/2008
292,11/25/2011,43,412.62,175.54,9.9,1.39,84001,West,Consumer,Office Supplies,Envelopes,0.37,11/26/2011
293,8/14/2012,49,10123.02,457.81,208.16,68.02,49634,Central,Consumer,Office Supplies,Appliances,0.58,8/15/2012
293,8/14/2012,27,244.57,46.7075,8.69,2.99,49634,Central,Consumer,Office Supplies,Binders and Binder Accessories,0.39,8/16/2012
294,5/28/2010,35,6375.28,489.02,193.17,19.99,49634,Central,Home Office,Office Supplies,Storage & Organization,0.71,5/29/2010
322,1/30/2012,20,2634.8555,257.76,155.99,8.08,86409,West,Corporate,Technology,Telephones and Communication,0.6,2/1/2012
322,1/30/2012,46,281,-291.59,6.48,10.05,86409,West,Corporate,Office Supplies,Paper,0.37,2/1/2012
323,2/5/2009,2,55.34,-31.24,22.84,11.54,85060,West,Small Business,Office Supplies,Paper,0.39,2/7/2009
323,2/5/2009,20,108.09,25.76,5.68,1.39,85060,West,Small Business,Office Supplies,Envelopes,0.38,2/7/2009
324,1/31/2012,25,3872.634,667.332,179.99,13.99,83810,West,Small Business,Technology,Telephones and Communication,0.57,2/2/2012
325,8/29/2010,9,884.1275,-178.706,115.99,4.23,85354,West,Corporate,Technology,Telephones and Communication,0.56,9/2/2010
326,4/16/2011,34,218.27,-44.137,5.99,4.92,83465,West,Consumer,Office Supplies,Binders and Binder Accessories,0.38,4/17/2011
326,4/16/2011,17,100.95,-21.3,5.81,3.37,83465,West,Consumer,Office Supplies,Rubber Bands,0.54,4/17/2011
353,11/12/2010,21,46.94,3.88,2.21,1,32099,South,Home Office,Office Supplies,Pens & Art Supplies,0.38,2/12/2011
355,4/26/2009,16,1239.6315,-172.546,85.99,0.99,77037,Central,Small Business,Technology,Telephones and Communication,0.85,5/1/2009
358,8/2/2010,33,1235.87,269.27,39.48,1.99,36350,South,Corporate,Technology,Computer Peripherals,0.54,8/2/2010
358,8/2/2010,33,1640.9,-1348.06,48.58,54.11,36350,South,Corporate,Furniture,Bookcases,0.69,8/4/2010
359,10/31/2009,30,3659.66,-500.38,124.49,51.94,83877,West,Corporate,Furniture,Tables,0.63,11/1/2009
384,1/14/2012,50,7666.04,-1820.84,146.05,80.2,6817,East,Corporate,Furniture,Tables,0.71,1/21/2012
386,12/7/2010,4,15.69,-1.59,3.85,0.7,83465,West,Corporate,Office Supplies,Pens & Art Supplies,0.44,12/9/2010
386,12/7/2010,4,14.96,-0.03,3.69,0.5,83465,West,Corporate,Office Supplies,Labels,0.38,12/9/2010
388,10/28/2012,46,517.93,-94.73,11.7,6.96,6439,East,Home Office,Office Supplies,Appliances,0.5,10/31/2012
416,8/9/2010,20,1156.6715,88.524,65.99,7.69,84337,West,Consumer,Technology,Telephones and Communication,0.59,8/14/2010
417,12/19/2008,39,15260.78,8734.88,500.98,28.14,96121,West,Small Business,Technology,Office Machines,0.38,12/20/2008
417,12/19/2008,3,540.41,-170.98,178.47,19.99,96121,West,Small Business,Office Supplies,Storage & Organization,0.55,12/21/2008
420,9/12/2011,8,43.29,-20.69,4.98,4.86,501,East,Small Business,Office Supplies,Paper,0.38,9/12/2011
420,9/12/2011,6,41.7,-14.56,5.78,5.37,501,East,Small Business,Office Supplies,Paper,0.36,9/14/2011
448,7/3/2011,22,1162.4005,-284.625,65.99,19.99,6074,East,Corporate,Technology,Telephones and Communication,0.59,7/5/2011
449,6/1/2011,45,356.7,-48.97,7.38,5.21,24658,South,Corporate,Furniture,Office Furnishings,0.56,6/3/2011
450,1/15/2011,29,1000.78,109.33,34.58,8.99,48001,Central,Consumer,Office Supplies,Pens & Art Supplies,0.56,1/16/2011
450,1/15/2011,35,543.72,-211.13,15.7,11.25,48001,Central,Consumer,Office Supplies,Storage & Organization,0.6,1/17/2011
454,11/8/2011,42,234.2,56.22,6.08,1.82,29684,South,Small Business,Office Supplies,Rubber Bands,0.35,11/10/2011
481,8/20/2012,44,4509.3775,1426.257,115.99,5.26,60001,Central,Home Office,Technology,Telephones and Communication,0.57,8/22/2012
483,5/23/2011,30,4965.7595,1198.971,195.99,3.99,19980,East,Corporate,Technology,Telephones and Communication,0.58,5/25/2011
487,6/30/2012,19,210.4,-18.96,10.89,4.5,45999,Central,Corporate,Office Supplies,Appliances,0.59,7/1/2012
512,4/1/2011,6,1309.53,19.18,218.08,18.06,31569,South,Home Office,Furniture,Chairs & Chairmats,0.57,4/1/2011
512,4/1/2011,48,806.37,-166.4,15.42,10.68,31569,South,Home Office,Office Supplies,Storage & Organization,0.58,4/3/2011
513,3/13/2011,33,5437.92,-684.57,150.89,60.2,91188,West,Home Office,Furniture,Chairs & Chairmats,0.77,3/13/2011
515,7/11/2010,19,394.27,30.94,21.78,5.94,49822,Central,Consumer,Office Supplies,Appliances,0.5,7/13/2010
515,7/11/2010,21,146.69,4.43,6.64,4.95,49822,Central,Consumer,Furniture,Office Furnishings,0.37,7/13/2010
548,8/3/2009,29,202.95,-50.64,6.48,5.9,29941,South,Home Office,Office Supplies,Paper,0.37,8/4/2009
548,8/3/2009,41,129.49,36.02,3.08,0.99,29941,South,Home Office,Office Supplies,Labels,0.37,8/4/2009
548,8/3/2009,26,2753.1925,510.489,125.99,4.2,29941,South,Home Office,Technology,Telephones and Communication,0.59,8/5/2009
549,5/25/2012,30,1150.88,-911.56,38.94,35,98390,West,Consumer,Office Supplies,Storage & Organization,0.8,5/25/2012
549,5/25/2012,5,40.75,-27.57,6.48,8.74,98390,West,Consumer,Office Supplies,Paper,0.36,5/26/2012
549,5/25/2012,13,70.24,-59.75,4.98,7.44,98390,West,Consumer,Office Supplies,Paper,0.36,5/26/2012
610,6/14/2011,38,283.65,-29.21,6.68,5.41,77037,Central,Home Office,Office Supplies,Paper,0.37,6/16/2011
611,12/9/2009,47,840.04,-131.27,17.7,9.47,91188,West,Home Office,Office Supplies,Storage & Organization,0.59,12/11/2009
612,9/2/2012,50,262.87,-166.29,5.28,6.26,68155,Central,Corporate,Office Supplies,Paper,0.4,9/4/2012
612,9/2/2012,43,2531.0875,881.676,65.99,2.5,68155,Central,Corporate,Technology,Telephones and Communication,0.55,9/4/2012
613,4/30/2011,12,93.54,-54.0385,7.3,7.72,49634,Central,Corporate,Office Supplies,Binders and Binder Accessories,0.38,4/30/2011
613,4/30/2011,22,905.08,127.7,42.76,6.22,49634,Central,Corporate,Office Supplies,Storage & Organization,0.59,5/1/2011
614,10/13/2012,24,3366.1,-633.68,138.75,52.42,78702,Central,Corporate,Furniture,Tables,0.74,10/14/2012
614,10/13/2012,41,628.22,163.81,14.34,5,78702,Central,Corporate,Furniture,Office Furnishings,0.49,10/15/2012
640,12/5/2009,39,4913.69,-1153.9,120.98,58.64,19895,East,Consumer,Furniture,Bookcases,0.75,12/6/2009
640,12/5/2009,24,464.77,29.42,18.97,9.54,19895,East,Consumer,Office Supplies,Paper,0.37,12/6/2009
643,2/4/2011,21,2781.82,-695.26,138.14,35,8989,East,Corporate,Office Supplies,Storage & Organization,0.85,2/5/2011
644,3/13/2012,5,1679.58,-171.92,320.98,58.95,28633,South,Corporate,Furniture,Chairs & Chairmats,0.57,3/14/2012
645,10/15/2009,42,557.85,89.4455,12.95,4.98,49634,Central,Consumer,Office Supplies,Binders and Binder Accessories,0.4,10/17/2009
646,10/4/2009,18,173.2,-10.9,9.31,3.98,19810,East,Small Business,Office Supplies,"Scissors, Rulers and Trimmers",0.56,10/5/2009
678,1/9/2010,44,228.41,-226.36,4.98,8.33,19895,East,Home Office,Office Supplies,Paper,0.38,1/9/2010
706,7/22/2011,42,75.14,0.82,1.76,0.7,1441,East,Consumer,Office Supplies,Pens & Art Supplies,0.56,7/24/2011
710,11/14/2009,11,447.09,89.03,41.32,8.66,43002,Central,Corporate,Furniture,Office Furnishings,0.76,11/16/2009
710,11/14/2009,29,4192.88,731.32,145.45,17.85,43002,Central,Corporate,Technology,Office Machines,0.56,11/18/2009
710,11/14/2009,42,161.77,-150.374,3.58,5.47,43002,Central,Corporate,Office Supplies,Binders and Binder Accessories,0.37,11/18/2009
738,1/12/2010,31,189.95,-56.68,6.48,5.14,43567,Central,Corporate,Office Supplies,Paper,0.37,1/13/2010
738,1/12/2010,7,560.51,32.6,80.98,4.5,43567,Central,Corporate,Office Supplies,Appliances,0.59,1/14/2010
740,5/28/2011,6,28.01,3.46,4.98,0.49,81124,West,Corporate,Office Supplies,Labels,0.39,5/28/2011
769,4/14/2010,37,4261.94,4.15,115.99,56.14,19934,East,Consumer,Technology,Office Machines,0.4,4/15/2010
771,4/29/2011,18,88.84,-38.35,4.98,4.72,36544,South,Home Office,Office Supplies,Paper,0.36,4/30/2011
772,2/27/2010,35,589.24,-38.35,17.52,8.17,69367,Central,Consumer,Office Supplies,Appliances,0.5,3/1/2010
772,2/27/2010,25,233.05,86.93,9.9,1.39,69367,Central,Consumer,Office Supplies,Envelopes,0.37,3/1/2010
773,8/8/2010,38,2071.3395,324.927,65.99,8.99,49822,Central,Home Office,Technology,Telephones and Communication,0.56,8/9/2010
774,10/16/2011,17,126.57,-752.13,4.48,49,6703,East,Small Business,Office Supplies,Appliances,0.6,10/18/2011
775,1/28/2011,35,43.57,-19.17,1.26,0.7,94404,West,Small Business,Office Supplies,Rubber Bands,0.81,1/29/2011
775,1/28/2011,8,31.87,-1.25,4.26,1.2,94404,West,Small Business,Office Supplies,Pens & Art Supplies,0.44,1/30/2011
801,12/31/2011,20,59.85,-47.41,2.74,3.5,53235,Central,Corporate,Office Supplies,Pens & Art Supplies,0.58,1/3/2012
802,11/17/2010,2,38.5,-59.93,15.99,9.4,21794,South,Corporate,Technology,Office Machines,0.49,11/17/2010
802,11/17/2010,33,378.6,12.7245,11.7,5.63,21794,South,Corporate,Office Supplies,Binders and Binder Accessories,0.4,11/19/2010
805,5/17/2011,39,197.56,-119.86,4.97,5.71,32046,South,Small Business,Furniture,Office Furnishings,0.54,5/19/2011
807,10/6/2010,45,196.85,-166.85,4.28,6.18,7837,East,Home Office,Office Supplies,Paper,0.4,10/7/2010
807,10/6/2010,32,124.56,-14.33,3.95,2,7837,East,Home Office,Office Supplies,Rubber Bands,0.53,10/7/2010
832,3/1/2012,7,53.46,-17.58,6.48,5.9,83201,West,Corporate,Office Supplies,Paper,0.37,3/5/2012
833,12/26/2008,1,19.32,-20.3205,12.53,7.17,80621,West,Home Office,Office Supplies,Binders and Binder Accessories,0.38,12/27/2008
834,4/4/2009,15,1813.04,-188.96,115.99,56.14,99403,West,Home Office,Technology,Office Machines,0.4,4/5/2009
835,8/20/2011,18,125.16,-23.48,6.48,5.14,19810,East,Small Business,Office Supplies,Paper,0.37,8/21/2011
837,4/27/2009,11,65.7,13.41,5.84,0.83,21794,South,Corporate,Office Supplies,Pens & Art Supplies,0.49,4/29/2009
868,4/21/2012,32,716.84,134.72,21.78,5.94,19810,East,Home Office,Office Supplies,Appliances,0.5,4/22/2012
868,4/21/2012,31,1474.33,114.46,47.98,3.61,19810,East,Home Office,Technology,Computer Peripherals,0.71,4/23/2012
870,5/2/2010,23,1661.04,475.54,70.97,3.5,45999,Central,Corporate,Office Supplies,Appliances,0.59,5/2/2010
871,9/27/2011,17,104.94,-34.97,6.24,5.22,39901,South,Home Office,Furniture,Office Furnishings,0.6,9/27/2011
896,1/19/2010,50,1246.52,52.479,24.92,12.98,20101,South,Home Office,Office Supplies,Binders and Binder Accessories,0.39,1/19/2010
898,4/15/2010,26,7668.55,-183.45,296.18,54.12,83877,West,Consumer,Furniture,Tables,0.76,4/15/2010
898,4/15/2010,40,676.13,45.39,15.98,6.5,83877,West,Consumer,Technology,Computer Peripherals,0.48,4/17/2010
900,8/13/2009,29,1193.65,507.5775,40.98,2.99,34997,South,Home Office,Office Supplies,Binders and Binder Accessories,0.36,8/14/2009
902,6/8/2009,10,1925.83,359.83,207.48,0.99,7514,East,Corporate,Office Supplies,Appliances,0.55,6/11/2009
928,1/12/2011,26,390.2,45,14.58,7.4,35480,South,Consumer,Furniture,Office Furnishings,0.48,1/14/2011
928,1/12/2011,21,1222.68,300.97,59.98,3.99,35480,South,Consumer,Office Supplies,Appliances,0.57,1/17/2011
929,8/14/2012,39,84.33,-64.29,2.08,2.56,91188,West,Corporate,Office Supplies,"Scissors, Rulers and Trimmers",0.55,8/16/2012
929,8/14/2012,21,227.66,-100.16,10.97,6.5,91188,West,Corporate,Technology,Computer Peripherals,0.64,8/17/2012
930,10/29/2009,11,79.19,13.91,6.88,2,14925,East,Small Business,Office Supplies,Paper,0.39,10/29/2009
930,10/29/2009,22,922.39,-41.64,41.32,58.66,14925,East,Small Business,Furniture,Office Furnishings,0.76,10/30/2009
933,6/17/2012,15,80.61,-4.715,5.28,2.99,19936,East,Small Business,Office Supplies,Binders and Binder Accessories,0.37,6/17/2012
960,8/3/2009,46,605.97,-22.72,13.73,6.85,90835,West,Consumer,Furniture,Office Furnishings,0.54,8/4/2009
962,3/18/2009,33,4064.05,1408.1865,122.99,19.99,85233,West,Small Business,Office Supplies,Binders and Binder Accessories,0.37,3/20/2009
962,3/18/2009,47,3213.87,-1069.72,68.81,60,85233,West,Small Business,Office Supplies,Appliances,0.41,3/20/2009
964,4/1/2011,50,315.02,95.1575,5.98,1.49,29338,South,Corporate,Office Supplies,Binders and Binder Accessories,0.39,4/3/2011
964,4/1/2011,4,40.02,-1.28,9.93,1.09,29338,South,Corporate,Office Supplies,Pens & Art Supplies,0.43,4/3/2011
965,3/27/2011,42,11230.25,-2505.3,280.98,35.67,6928,East,Corporate,Furniture,Tables,0.66,4/3/2011
967,5/3/2012,42,1634.9,502.42,37.74,2.9,93456,West,Consumer,Office Supplies,Pens & Art Supplies,0.59,5/4/2012
967,5/3/2012,6,90.56,-43.2,13.99,7.51,93456,West,Consumer,Technology,Office Machines,0.39,5/5/2012
967,5/3/2012,48,11278.18,1836.81,227.55,32.48,93456,West,Consumer,Furniture,Tables,0.68,5/6/2012
994,3/2/2009,38,132.07,14,3.58,1.63,84741,West,Corporate,Office Supplies,Rubber Bands,0.36,3/6/2009
995,4/12/2011,46,1815.49,782.91,39.89,3.04,7837,East,Home Office,Furniture,Office Furnishings,0.53,4/13/2011
998,10/8/2009,16,248.26,93.8,15.74,1.39,2180,East,Small Business,Office Supplies,Envelopes,0.4,10/9/2009
999,7/18/2010,6,583.64,-179.5,95.43,19.99,98310,West,Home Office,Office Supplies,Storage & Organization,0.79,7/25/2010
1027,4/15/2012,19,1406.15,-379.1,70.98,46.74,29907,South,Home Office,Furniture,Bookcases,0.56,4/17/2012
1028,11/13/2008,6,165.75,-28.46,28.48,1.99,48001,Central,Consumer,Technology,Computer Peripherals,0.4,11/14/2008
1028,11/13/2008,11,2021.147,-60.39,205.99,5.99,48001,Central,Consumer,Technology,Telephones and Communication,0.59,11/15/2008
1031,7/14/2009,34,226.1,-52.21,6.37,5.19,83877,West,Consumer,Office Supplies,Binders and Binder Accessories,0.38,7/16/2009
1057,1/2/2012,41,341.36,-52.48,8.46,3.62,84663,West,Corporate,Technology,Computer Peripherals,0.61,1/4/2012
1058,3/8/2010,3,469.438,-888.162,195.99,8.99,83465,West,Small Business,Technology,Telephones and Communication,0.6,3/9/2010
1059,1/9/2009,24,990.1,310.216,40.98,7.47,21794,South,Corporate,Office Supplies,Binders and Binder Accessories,0.37,1/10/2009
1059,1/9/2009,22,127.33,5.2955,5.34,2.99,21794,South,Corporate,Office Supplies,Binders and Binder Accessories,0.38,1/11/2009
1060,1/3/2010,30,1187.55,532.61,37.7,2.99,68717,Central,Corporate,Office Supplies,Binders and Binder Accessories,0.35,1/5/2010
1088,4/2/2012,13,269.02,-112,20.97,6.5,14709,East,Consumer,Technology,Computer Peripherals,0.78,4/9/2012
1095,7/4/2011,28,142.18,-50.14,4.98,4.72,86504,West,Consumer,Office Supplies,Paper,0.36,7/6/2011
1127,8/1/2011,48,5340.5,1215.28,110.98,13.99,84337,West,Consumer,Furniture,Office Furnishings,0.69,8/2/2011
1154,12/28/2011,7,516.65,57.1,70.97,3.5,28909,South,Home Office,Office Supplies,Appliances,0.59,12/29/2011
1154,12/28/2011,44,4462.23,440.72,100.98,26.22,7001,East,Home Office,Furniture,Bookcases,0.6,12/30/2011
1154,12/28/2011,11,663.784,-534.49,71.37,69,7001,East,Home Office,Furniture,Tables,0.68,12/30/2011
1154,12/28/2011,23,115.1,53.13,4.91,0.5,28909,South,Home Office,Office Supplies,Labels,0.36,12/30/2011
1185,7/6/2012,7,374.78,20.03,55.48,14.3,36830,South,Home Office,Office Supplies,Paper,0.37,7/10/2012
1187,10/2/2012,14,222.91,20.21,15.98,4,48001,Central,Corporate,Technology,Computer Peripherals,0.37,10/3/2012
1189,2/19/2009,27,129.1,-59.82,4.42,4.99,43001,Central,Small Business,Office Supplies,Envelopes,0.38,2/20/2009
1191,9/19/2011,35,3532.96,-850.16,100.8,60,93456,West,Home Office,Furniture,Tables,0.59,9/20/2011
1217,3/8/2012,25,662.16,185.21,28.48,1.99,24157,South,Corporate,Technology,Computer Peripherals,0.4,3/9/2012
1218,5/2/2009,3,46.46,-25.13,14.42,6.75,83201,West,Corporate,Office Supplies,Appliances,0.52,5/5/2009
1221,3/1/2012,1,14.68,-13.777,8.6,6.19,5544,East,Corporate,Office Supplies,Binders and Binder Accessories,0.38,3/1/2012
1221,3/1/2012,16,68.45,-57.8795,4.24,5.41,5544,East,Corporate,Office Supplies,Binders and Binder Accessories,0.35,3/3/2012
1221,3/1/2012,11,10145.14,3724.5725,896.99,19.99,5544,East,Corporate,Office Supplies,Binders and Binder Accessories,0.38,3/3/2012
1222,12/18/2009,48,257.39,-121.91,5.28,5.57,95503,West,Home Office,Office Supplies,Paper,0.4,12/18/2009
1253,12/8/2009,15,494.34,-30.19,31.98,6.72,84631,West,Consumer,Office Supplies,Storage & Organization,0.75,12/8/2009
1280,11/23/2009,40,827.27,-170.87,20.97,6.5,68717,Central,Corporate,Technology,Computer Peripherals,0.78,11/23/2009
1282,1/10/2012,26,892.38,366.48,31.78,1.99,83201,West,Home Office,Technology,Computer Peripherals,0.42,1/12/2012
1282,1/10/2012,10,29.41,-2.06,2.78,1.34,83201,West,Home Office,Office Supplies,Pens & Art Supplies,0.45,1/12/2012
1285,4/13/2012,27,3874.12,-305.98,130.98,54.74,29808,South,Corporate,Furniture,Bookcases,0.69,4/13/2012
1285,4/13/2012,8,1452.216,-308.1,218.75,69.64,29808,South,Corporate,Furniture,Tables,0.77,4/14/2012
1286,3/26/2010,46,234.37,-144.6815,5.18,5.74,99403,West,Home Office,Office Supplies,Binders and Binder Accessories,0.36,3/27/2010
1286,3/26/2010,14,1000.3565,229.779,85.99,3.3,99403,West,Home Office,Technology,Telephones and Communication,0.37,3/28/2010
1287,5/17/2009,39,3908.65,480.57,105.29,10.12,27006,South,Corporate,Furniture,Office Furnishings,0.79,5/19/2009
1313,7/26/2009,34,840.07,-83.75,22.84,16.92,2139,East,Home Office,Office Supplies,Paper,0.39,7/28/2009
1314,3/25/2009,4,42.58,-7.61,9.27,4.39,49971,Central,Corporate,Office Supplies,Paper,0.38,3/27/2009
1317,3/31/2011,40,192.54,-186.73,4.98,7.44,43317,Central,Consumer,Office Supplies,Paper,0.36,4/1/2011
1317,3/31/2011,44,523.42,39.423,11.7,5.63,43317,Central,Consumer,Office Supplies,Binders and Binder Accessories,0.4,4/2/2011
1317,3/31/2011,29,156.7,-76.64,5.28,5.57,43317,Central,Consumer,Office Supplies,Paper,0.4,4/2/2011
1344,2/27/2012,18,2480.9205,313.578,155.99,8.99,2054,East,Corporate,Technology,Telephones and Communication,0.58,3/2/2012
1344,2/27/2012,15,834.904,-11.682,65.99,5.26,2054,East,Corporate,Technology,Telephones and Communication,0.59,3/5/2012
1345,9/9/2012,24,2443.85,-120.85,100.98,35.84,6817,East,Corporate,Furniture,Bookcases,0.62,9/13/2012
1346,4/30/2012,48,4789.89,421.15,100.98,26.22,5544,East,Corporate,Furniture,Bookcases,0.6,5/2/2012
1382,6/29/2010,5,89.335,-107.096,20.99,2.5,80001,West,Home Office,Technology,Telephones and Communication,0.81,7/3/2010
1382,6/29/2010,39,158.46,-130.663,3.98,5.26,80001,West,Home Office,Office Supplies,Binders and Binder Accessories,0.38,7/6/2010
1382,6/29/2010,31,7180.83,487.17,220.98,64.66,80001,West,Home Office,Furniture,Bookcases,0.62,7/6/2010
1383,3/9/2010,43,17129.97,5616.08,415.88,11.37,83877,West,Consumer,Office Supplies,Storage & Organization,0.57,3/10/2010
1411,11/2/2009,39,5748.2,-459.86,160.98,35.02,32122,South,Small Business,Furniture,Bookcases,0.72,11/3/2009
1411,11/2/2009,47,6717.9325,1717.893,175.99,4.99,32122,South,Small Business,Technology,Telephones and Communication,0.59,11/4/2009
1412,1/23/2010,13,59.03,26.92,3.69,0.5,49822,Central,Consumer,Office Supplies,Labels,0.38,1/25/2010
1412,1/23/2010,21,97.48,-5.77,4.71,0.7,49822,Central,Consumer,Office Supplies,Rubber Bands,0.8,1/25/2010
1414,6/28/2011,44,4530.96,-993.35,105.49,41.64,62444,Central,Small Business,Furniture,Tables,0.75,6/28/2011
1440,6/22/2011,41,726.22,52.47,17.67,8.99,27010,South,Small Business,Furniture,Office Furnishings,0.47,6/24/2011
1444,10/18/2009,25,772.24,181.98,30.98,8.74,92320,West,Home Office,Office Supplies,Paper,0.4,10/19/2009
1444,10/18/2009,2,21.44,-13.67,6.48,8.74,92320,West,Home Office,Office Supplies,Paper,0.36,10/20/2009
1444,10/18/2009,32,21717.36,8249.86,699.99,24.49,92320,West,Home Office,Technology,Copiers and Fax,0.41,10/20/2009
1444,10/18/2009,24,416.4,24.33,17.15,4.96,92320,West,Home Office,Office Supplies,Storage & Organization,0.58,10/20/2009
1444,10/18/2009,13,15823.27,1759.34,1360.14,14.7,92320,West,Home Office,Technology,Office Machines,0.59,10/21/2009
1445,11/22/2010,30,339.49,-74.21,11.97,5.81,85301,West,Corporate,Office Supplies,Pens & Art Supplies,0.6,11/24/2010
1445,11/22/2010,3,1326.09,-20.5505,420.98,19.99,85301,West,Corporate,Office Supplies,Binders and Binder Accessories,0.35,11/25/2010
1447,8/27/2012,40,2135.9735,239.4,65.99,8.99,69141,Central,Consumer,Technology,Telephones and Communication,0.59,8/30/2012
1504,7/10/2012,31,293.18,64.22,10.01,1.99,62924,Central,Corporate,Technology,Computer Peripherals,0.41,7/11/2012
1507,8/26/2010,29,4345.86,126.62,152.48,4,6928,East,Home Office,Technology,Computer Peripherals,0.79,8/28/2010
1537,12/28/2011,5,16.6,-20.2975,2.16,6.05,6439,East,Corporate,Office Supplies,Binders and Binder Accessories,0.37,12/28/2011
1538,4/30/2011,15,1297.304,149.823,95.99,4.9,19891,East,Corporate,Technology,Telephones and Communication,0.56,5/1/2011
1539,1/20/2011,33,511.83,-172.8795,15.99,13.18,48001,Central,Corporate,Office Supplies,Binders and Binder Accessories,0.37,1/22/2011
1539,1/20/2011,38,184.99,-144.55,4.89,4.93,48001,Central,Corporate,Technology,Computer Peripherals,0.66,1/25/2011
1540,6/17/2012,30,80.9,5.76,2.88,0.7,2054,East,Home Office,Office Supplies,Pens & Art Supplies,0.56,6/19/2012
1542,7/28/2010,47,2150.25,586.93,48.58,3.99,53001,Central,Consumer,Office Supplies,Appliances,0.56,7/30/2010
1542,7/28/2010,13,448,27.2,35.51,6.31,53001,Central,Consumer,Office Supplies,Storage & Organization,0.58,7/30/2010
1573,11/9/2012,13,759.94,-226.45,60.89,32.41,53554,Central,Small Business,Furniture,Chairs & Chairmats,0.56,11/11/2012
1575,7/26/2011,10,525.674,-147.015,65.99,5.26,32003,South,Small Business,Technology,Telephones and Communication,0.56,7/28/2011
1575,7/26/2011,26,133.65,56.28,4.98,0.8,32003,South,Small Business,Office Supplies,Paper,0.36,7/28/2011
1600,1/13/2010,36,191.6,-150.74,4.98,7.44,83552,West,Corporate,Office Supplies,Paper,0.36,1/14/2010
1600,1/13/2010,32,303.59,-45.99,9.65,6.22,83552,West,Corporate,Furniture,Office Furnishings,0.55,1/15/2010
1604,5/29/2010,47,622.82,128.88,12.64,4.98,88044,West,Consumer,Furniture,Office Furnishings,0.48,5/29/2010
1637,12/21/2010,36,1225.52,-1191.13,35.48,35,98601,West,Corporate,Office Supplies,Storage & Organization,0.85,12/21/2010
1637,12/21/2010,10,1024.29,-95.52,99.99,19.99,98601,West,Corporate,Technology,Computer Peripherals,0.52,12/21/2010
1637,12/21/2010,47,1348.57,19.57,30.98,8.99,98601,West,Corporate,Office Supplies,Pens & Art Supplies,0.58,12/23/2010
1639,7/2/2011,24,163.14,-62.2,6.78,6.18,80746,West,Home Office,Office Supplies,Paper,0.39,7/3/2011
1665,3/20/2009,26,755.6075,149.166,35.99,1.1,21290,South,Corporate,Technology,Telephones and Communication,0.55,3/22/2009
1666,8/30/2011,19,5642.18,1996.6755,315.98,19.99,23664,South,Corporate,Office Supplies,Binders and Binder Accessories,0.38,9/1/2011
1699,11/11/2010,40,430.88,39,11.09,5.25,7001,East,Corporate,Office Supplies,Envelopes,0.36,2/3/2011
1701,3/31/2012,49,2047.58,902.62,40.98,1.99,84001,West,Consumer,Technology,Computer Peripherals,0.44,4/2/2012
1701,3/31/2012,1,56.61,-22.16,40.97,14.45,84001,West,Consumer,Furniture,Office Furnishings,0.57,4/2/2012
1702,3/19/2011,23,67.24,4.9,2.84,0.93,19891,East,Home Office,Office Supplies,Pens & Art Supplies,0.54,3/20/2011
1761,11/5/2010,25,12028.23,-547.61,449.99,49,48001,Central,Corporate,Technology,Copiers and Fax,0.38,11/7/2010
1762,7/2/2009,43,1279.505,384.201,35.99,1.1,14925,East,Home Office,Technology,Telephones and Communication,0.55,7/3/2009
1762,7/2/2009,11,69.6,6.46,5.98,2.5,14925,East,Home Office,Office Supplies,Envelopes,0.36,7/3/2009
1762,7/2/2009,29,857.11,285.2,31.78,1.99,14925,East,Home Office,Technology,Computer Peripherals,0.42,7/4/2009
1764,2/5/2012,7,59.99,-13.78,8.34,4.82,29907,South,Small Business,Office Supplies,Paper,0.4,2/8/2012
1767,1/24/2011,10,46.34,-7.76,4.71,0.7,44197,Central,Corporate,Office Supplies,Rubber Bands,0.8,1/26/2011
1792,9/21/2010,28,370.48,-5.45,13.48,4.51,49822,Central,Consumer,Office Supplies,Storage & Organization,0.59,9/26/2010
1793,5/24/2012,36,233.43,-71.898,6.28,5.36,6817,East,Home Office,Office Supplies,Binders and Binder Accessories,0.4,5/24/2012
1796,10/3/2012,43,183.41,-125.4075,4.13,5.04,32003,South,Corporate,Office Supplies,Binders and Binder Accessories,0.38,10/3/2012
1799,1/17/2009,16,108.31,-52.77,6.48,6.86,85321,West,Small Business,Office Supplies,Paper,0.37,1/19/2009
1799,1/17/2009,10,1187.12,-127.3,113.98,30,85321,West,Small Business,Furniture,Chairs & Chairmats,0.69,1/19/2009
1824,3/17/2009,2,17.06,-5.2,6.28,5.29,29907,South,Corporate,Furniture,Office Furnishings,0.43,3/17/2009
1824,3/17/2009,39,10656.26,3116.54,276.2,24.49,29907,South,Corporate,Furniture,Chairs & Chairmats,0.56,3/18/2009
1825,10/17/2010,22,38.26,-2.34,1.76,0.7,43001,Central,Small Business,Office Supplies,Pens & Art Supplies,0.56,10/19/2010
1826,2/27/2012,5,28.32,-14.35,4.98,4.75,7837,East,Corporate,Office Supplies,Paper,0.36,2/28/2012
1829,3/20/2009,48,133.04,6.732,2.78,1.49,23970,South,Small Business,Office Supplies,Binders and Binder Accessories,0.36,3/21/2009
1831,10/14/2010,33,12586.19,619.71,370.98,99,98390,West,Home Office,Office Supplies,Storage & Organization,0.65,10/15/2010
1856,1/31/2012,43,4374.6865,973.161,125.99,8.08,35004,South,Home Office,Technology,Telephones and Communication,0.57,2/1/2012
1856,1/31/2012,44,4283.235,676.125,125.99,8.8,35004,South,Home Office,Technology,Telephones and Communication,0.59,2/1/2012
1856,1/31/2012,24,1449.3,-712.14,60.98,49,35004,South,Home Office,Office Supplies,Appliances,0.59,2/2/2012
1857,11/25/2009,37,199.76,20,5.58,1.99,10501,East,Consumer,Office Supplies,Pens & Art Supplies,0.46,11/26/2009
1863,8/5/2010,26,2415.38,-1131.6,95.95,74.35,29684,South,Small Business,Furniture,Chairs & Chairmats,0.57,8/6/2010
1888,9/12/2010,38,1264.46,-1249.39,31.76,45.51,81655,West,Corporate,Furniture,Tables,0.65,9/12/2010
1888,9/12/2010,35,158.25,-114.7355,4.57,5.42,81655,West,Corporate,Office Supplies,Binders and Binder Accessories,0.37,9/13/2010
1891,10/27/2009,3,302.36,290.31,107.53,5.81,84415,West,Small Business,Furniture,Office Furnishings,0.65,10/29/2009
1892,2/5/2009,9,64.29,-18.85,6.48,5.4,98625,West,Small Business,Office Supplies,Paper,0.37,2/5/2009
1892,2/5/2009,47,193.63,-152.5245,3.98,5.26,98625,West,Small Business,Office Supplies,Binders and Binder Accessories,0.38,2/9/2009
1895,4/11/2009,5,41.25,-23.25,6.48,7.91,27006,South,Corporate,Office Supplies,Paper,0.37,4/13/2009
1921,11/30/2008,24,7871.91,541.47,328.14,91.05,21794,South,Small Business,Office Supplies,Appliances,0.57,12/2/2008
1925,1/16/2012,7,1874.37,67.84,276.2,24.49,35751,South,Corporate,Furniture,Chairs & Chairmats,0.56,1/17/2012
1925,1/16/2012,40,909.82,292.49,22.98,1.99,35751,South,Corporate,Technology,Computer Peripherals,0.46,1/18/2012
1952,1/26/2009,24,7287.55,-6.01,296.18,54.12,90835,West,Corporate,Furniture,Tables,0.76,1/26/2009
1953,10/12/2010,13,137.64,19.5925,10.91,2.99,21290,South,Small Business,Office Supplies,Binders and Binder Accessories,0.38,10/12/2010
1985,7/15/2009,33,15464.01,4407.44,535.64,14.7,92320,West,Home Office,Technology,Office Machines,0.59,7/17/2009
1985,7/15/2009,1,11.35,-7.96,5.78,5.67,92320,West,Home Office,Office Supplies,Paper,0.36,7/17/2009
1988,8/18/2011,9,122.14,-16.99,13.48,4.51,76901,Central,Corporate,Office Supplies,Storage & Organization,0.59,8/20/2011
1991,7/20/2012,27,3491.06,921.7,136.98,24.49,98001,West,Corporate,Furniture,Office Furnishings,0.59,7/20/2012
1991,7/20/2012,37,14383.83,5050.1,399.98,12.06,98001,West,Corporate,Technology,Office Machines,0.56,7/21/2012
2020,5/3/2010,42,213.75,-188.77,5.02,5.14,87001,West,Home Office,Technology,Computer Peripherals,0.79,5/5/2010
2022,1/26/2012,45,186.44,-157.18,3.95,5.13,20101,South,Corporate,Office Supplies,Appliances,0.59,1/27/2012
2023,3/18/2012,4,294.89,-321.84,73.98,12.14,31569,South,Home Office,Technology,Computer Peripherals,0.67,3/18/2012
2023,3/18/2012,50,246.57,-132.51,4.98,5.49,31569,South,Home Office,Office Supplies,Paper,0.38,3/20/2012
2048,9/27/2010,12,3752.61,637.93,294.62,42.52,32003,South,Corporate,Office Supplies,Appliances,0.57,9/28/2010
2048,9/27/2010,9,548.36,78.63,60.97,4.5,32003,South,Corporate,Office Supplies,Appliances,0.56,9/28/2010
2050,4/14/2009,25,542.11,-14.76,22.84,11.54,83552,West,Consumer,Office Supplies,Paper,0.39,4/16/2009
2050,4/14/2009,16,44.46,5.27,2.89,0.99,83552,West,Consumer,Office Supplies,Labels,0.38,4/16/2009
2052,2/24/2012,23,107.93,-68.1375,4.13,5.34,94404,West,Small Business,Office Supplies,Binders and Binder Accessories,0.38,2/26/2012
2053,12/20/2010,39,19342.84,5603.95,500.98,126,31811,South,Consumer,Furniture,Chairs & Chairmats,0.6,12/21/2010
2053,12/20/2010,7,771.783,-449.526,140.99,4.2,31811,South,Consumer,Technology,Telephones and Communication,0.59,12/22/2010
2054,4/20/2012,34,826.09,215.86,22.98,7.58,68155,Central,Consumer,Furniture,Office Furnishings,0.51,4/22/2012
2054,4/20/2012,1,343.78,-246.51,363.25,19.99,68155,Central,Consumer,Office Supplies,Appliances,0.57,4/23/2012
2055,7/17/2010,7,66.41,-32.35,8.74,8.29,88595,Central,Small Business,Office Supplies,Envelopes,0.38,7/19/2010
2084,1/27/2010,16,692.73,94.97,40.99,17.48,20601,South,Corporate,Office Supplies,Paper,0.36,1/29/2010
2086,8/31/2009,38,2115.242,371.412,65.99,8.99,35751,South,Corporate,Technology,Telephones and Communication,0.56,9/1/2009
2086,8/31/2009,24,1411.58,699.31,55.98,4.86,35751,South,Corporate,Office Supplies,Paper,0.36,9/2/2009
2086,8/31/2009,9,1246.68,218.48,128.24,12.65,35751,South,Corporate,Furniture,Chairs & Chairmats,0.57,9/3/2009
2144,2/8/2009,40,5945.3675,1585.476,175.99,4.99,43567,Central,Corporate,Technology,Telephones and Communication,0.59,2/8/2009
2146,7/27/2012,41,6111.1685,1663.083,175.99,4.99,80746,West,Small Business,Technology,Telephones and Communication,0.59,7/28/2012
2146,7/27/2012,44,113.71,41.7,2.61,0.5,80746,West,Small Business,Office Supplies,Labels,0.39,7/29/2012
2147,7/19/2012,15,605.1,92.81,40.98,5.33,29907,South,Home Office,Office Supplies,Appliances,0.57,7/21/2012
2149,1/23/2010,4,43.56,21.21,9.38,4.93,36761,South,Consumer,Furniture,Office Furnishings,0.57,1/27/2010
2150,4/15/2009,21,3905.75,72.29,179.29,29.21,7837,East,Corporate,Furniture,Tables,0.76,4/17/2009
2181,7/26/2011,40,102.56,36.62,2.61,0.5,84741,West,Home Office,Office Supplies,Labels,0.39,7/26/2011
2181,7/26/2011,3,15.87,2.53,3.49,0.76,84741,West,Home Office,Office Supplies,Rubber Bands,0.39,7/28/2011
2208,3/13/2011,41,23281.05,9097.645,599.99,24.49,8823,East,Home Office,Technology,Copiers and Fax,0.37,3/14/2011
2208,3/13/2011,7,82.06,-26.9905,11.5,7.19,8823,East,Home Office,Office Supplies,Binders and Binder Accessories,0.4,3/15/2011
2209,5/22/2012,42,174.59,25.88,4.28,0.94,6703,East,Consumer,Office Supplies,Pens & Art Supplies,0.56,5/22/2012
2209,5/22/2012,1,5.68,-1.82,4.76,0.88,6703,East,Consumer,Office Supplies,Paper,0.39,5/23/2012
2209,5/22/2012,13,1265.497,-161.117,125.99,3,6703,East,Consumer,Technology,Telephones and Communication,0.59,5/23/2012
2209,5/22/2012,27,9418.73,2245.24,320.98,58.95,6703,East,Consumer,Furniture,Chairs & Chairmats,0.57,5/24/2012
2211,5/12/2009,22,1651.09,-2.38,73.98,12.14,83877,West,Home Office,Technology,Computer Peripherals,0.67,5/13/2009
2211,5/12/2009,23,80.38,-71.11,3.57,4.17,83877,West,Home Office,Office Supplies,Pens & Art Supplies,0.59,5/14/2009
2211,5/12/2009,14,95.89,-46.31,5.98,7.15,83877,West,Home Office,Office Supplies,Paper,0.36,5/14/2009
2213,11/27/2009,6,40.31,-32.27,5.78,8.09,21290,South,Small Business,Office Supplies,Paper,0.36,11/28/2009
2240,1/17/2012,5,142.44,-22.12,28.15,6.17,34997,South,Consumer,Office Supplies,Pens & Art Supplies,0.55,1/18/2012
2240,1/17/2012,17,186.02,16.48,10.64,5.16,34997,South,Consumer,Furniture,Office Furnishings,0.57,1/18/2012
2241,3/23/2010,38,967.78,369.325,24.95,2.99,34997,South,Consumer,Office Supplies,Binders and Binder Accessories,0.39,3/25/2010
2244,11/21/2009,19,88.61,21.471,3.8,1.49,62541,Central,Consumer,Office Supplies,Binders and Binder Accessories,0.38,11/23/2009
2247,6/14/2012,6,21134.71,-4903.55,3502.14,8.73,53006,Central,Small Business,Technology,Office Machines,0.57,6/16/2012
2272,2/23/2010,39,7680.29,-87.21,212.6,52.2,53081,Central,Consumer,Furniture,Tables,0.64,2/23/2010
2275,9/3/2012,49,278,41.67,6.08,1.17,2139,East,Small Business,Office Supplies,Pens & Art Supplies,0.56,9/4/2012
2277,11/14/2010,10,66.54,-46.03,5.98,4.38,2054,East,Home Office,Technology,Computer Peripherals,0.75,11/15/2010
2277,11/14/2010,21,845.32,33.67,40.99,19.99,2054,East,Home Office,Office Supplies,Paper,0.36,11/16/2010
2279,1/5/2010,49,4577.18,205.83,90.98,30,49877,Central,Corporate,Furniture,Chairs & Chairmats,0.61,1/6/2010
2279,1/5/2010,39,845.9,52.53,20.98,5.42,49877,Central,Corporate,Office Supplies,Storage & Organization,0.66,1/7/2010
2305,12/8/2009,11,1382.8,141.31,120.33,19.99,60001,Central,Home Office,Office Supplies,Storage & Organization,0.59,12/8/2009
2305,12/8/2009,1,12.41,-9.08,6.68,5.66,60001,Central,Home Office,Office Supplies,Paper,0.37,12/9/2009
2305,12/8/2009,33,3116.47,-1578.26,100.98,57.38,60001,Central,Home Office,Furniture,Bookcases,0.78,12/10/2009
2306,6/7/2011,15,113.5,-46.345,7.45,6.28,8823,East,Corporate,Office Supplies,Binders and Binder Accessories,0.4,6/9/2011
2307,5/11/2010,32,182.33,40.851,5.98,1.49,68717,Central,Corporate,Office Supplies,Binders and Binder Accessories,0.39,5/11/2010
2309,7/17/2011,7,27.01,-1.2995,3.8,1.49,21230,South,Consumer,Office Supplies,Binders and Binder Accessories,0.38,7/19/2011
2311,3/14/2011,31,1324.09,94.96,40.89,18.98,98001,West,Home Office,Furniture,Office Furnishings,0.57,3/15/2011
2339,10/27/2010,12,1634.98,-120.45,140.85,19.99,49634,Central,Small Business,Office Supplies,Storage & Organization,0.73,10/29/2010
2341,4/11/2010,29,157.49,-58.25,5.78,4.96,94404,West,Small Business,Office Supplies,Paper,0.36,4/18/2010
2368,7/2/2010,36,508.73,-229.67,14.81,13.32,21230,South,Consumer,Office Supplies,Appliances,0.43,7/4/2010
2370,11/29/2008,6,679.6,-85.76,110.98,13.99,83877,West,Consumer,Furniture,Office Furnishings,0.69,12/1/2008
2370,11/29/2008,30,257.42,59.18,8.01,2.87,83877,West,Consumer,Office Supplies,Paper,0.4,12/1/2008
2373,1/22/2009,36,317.59,-46.115,8.6,6.19,83201,West,Corporate,Office Supplies,Binders and Binder Accessories,0.38,1/23/2009
2374,9/10/2010,21,78.17,-72.703,2.84,5.44,24157,South,Consumer,Office Supplies,Binders and Binder Accessories,0.36,9/12/2010
2433,7/4/2009,14,24105.87,4073.25,2036.48,14.7,83877,West,Corporate,Technology,Office Machines,0.55,7/4/2009
2436,7/24/2011,14,330.21,83.24,22.84,5.47,6001,East,Corporate,Office Supplies,Paper,0.39,7/27/2011
2438,5/27/2010,23,717.468,316.476,35.99,0.99,60001,Central,Corporate,Technology,Telephones and Communication,0.35,5/29/2010
2438,5/27/2010,20,278.68,8.8995,14.48,6.46,60001,Central,Corporate,Office Supplies,Binders and Binder Accessories,0.38,5/30/2010
2465,5/6/2011,28,1082.45,271.87,39.48,1.99,49877,Central,Consumer,Technology,Computer Peripherals,0.54,5/8/2011
2466,1/16/2009,25,2553.84,553.7,107.53,5.81,36276,South,Home Office,Furniture,Office Furnishings,0.65,1/17/2009
2467,5/28/2011,30,4147.47,586.61,145.45,17.85,43567,Central,Corporate,Technology,Office Machines,0.56,5/29/2011
2497,7/9/2012,21,3629.1175,636.03,205.99,5.26,53201,Central,Corporate,Technology,Telephones and Communication,0.56,7/11/2012
2500,6/27/2012,5,22.56,-25.5645,3.36,6.27,31811,South,Small Business,Office Supplies,Binders and Binder Accessories,0.4,6/29/2012
2503,5/2/2010,46,171.48,66.13,4.13,0.5,30002,South,Corporate,Office Supplies,Labels,0.39,5/3/2010
2503,5/2/2010,21,91.15,-71.5415,4.13,5.34,30002,South,Corporate,Office Supplies,Binders and Binder Accessories,0.38,5/3/2010
2503,5/2/2010,9,162.1545,-73.744,20.99,4.81,30002,South,Corporate,Technology,Telephones and Communication,0.58,5/4/2010
2530,1/31/2009,9,23.46,4.58,2.61,0.5,49877,Central,Corporate,Office Supplies,Labels,0.39,2/2/2009
2532,8/23/2011,39,282.07,140.01,7.31,0.49,48001,Central,Corporate,Office Supplies,Labels,0.38,8/24/2011
2532,8/23/2011,24,426.037,-78.958,20.99,2.5,48001,Central,Corporate,Technology,Telephones and Communication,0.81,8/24/2011
2535,4/6/2010,6,82.72,-29.71,14.48,1.99,95503,West,Corporate,Technology,Computer Peripherals,0.49,4/8/2010
2560,7/18/2012,32,731.22,-84.07,20.97,6.5,6928,East,Home Office,Technology,Computer Peripherals,0.78,7/19/2012
2560,7/18/2012,23,114.14,-65.62,4.98,5.49,6928,East,Home Office,Office Supplies,Paper,0.38,7/20/2012
2562,6/13/2012,17,821.18,308.63,48.91,5.81,85338,West,Consumer,Office Supplies,Paper,0.38,6/14/2012
2562,6/13/2012,6,77.6,-37.07,11.34,11.25,85338,West,Consumer,Office Supplies,Paper,0.36,6/15/2012
2562,6/13/2012,28,64.82,-32.03,2.12,1.99,85338,West,Consumer,Technology,Computer Peripherals,0.55,6/16/2012
2563,10/1/2010,33,208.05,46.01,5.98,0.96,44197,Central,Small Business,Office Supplies,Pens & Art Supplies,0.6,10/2/2010
2563,10/1/2010,12,31.77,8.34,2.61,0.5,44197,Central,Small Business,Office Supplies,Labels,0.39,10/2/2010
2593,7/17/2010,15,3841.72,691.13,243.98,43.32,29808,South,Corporate,Furniture,Chairs & Chairmats,0.55,7/18/2010
2593,7/17/2010,5,2004.12,276.675,420.98,19.99,29808,South,Corporate,Office Supplies,Binders and Binder Accessories,0.35,7/19/2010
2595,10/26/2011,13,11764.25,2322.44,880.98,44.55,62999,Central,Corporate,Furniture,Bookcases,0.62,10/27/2011
2595,10/26/2011,4,25.17,5.88,5.47,5.26,62999,Central,Corporate,Furniture,Office Furnishings,0.42,10/28/2011
2595,10/26/2011,29,208.47,-125.6,6.48,8.74,62999,Central,Corporate,Office Supplies,Paper,0.36,10/28/2011
2626,7/21/2011,16,48.37,18.02,2.88,0.5,83810,West,Small Business,Office Supplies,Labels,0.36,7/23/2011
2628,9/3/2010,14,34.59,-60.13,2.18,5,23970,South,Consumer,Office Supplies,"Scissors, Rulers and Trimmers",0.81,9/8/2010
2628,9/3/2010,29,5029.216,-836.48,218.75,69.64,23970,South,Consumer,Furniture,Tables,0.77,9/12/2010
2630,9/5/2012,31,146.51,37.14,4.73,1.52,28909,South,Corporate,Office Supplies,Paper,0.36,9/5/2012
2631,8/6/2010,27,1078.49,252.66,40.96,1.99,62924,Central,Corporate,Technology,Computer Peripherals,0.55,8/8/2010
2656,3/16/2010,3,523.11,-238.37,159.31,60,1059,East,Consumer,Furniture,Tables,0.55,3/17/2010
2656,3/16/2010,29,913.41,237.141,35.99,1.25,1059,East,Consumer,Technology,Telephones and Communication,0.57,3/18/2010
2657,8/29/2011,37,2143.2155,464.355,65.99,8.99,62999,Central,Home Office,Technology,Telephones and Communication,0.55,8/30/2011
2657,8/29/2011,30,8316.76,2108.8,279.81,23.19,62999,Central,Home Office,Office Supplies,Appliances,0.59,8/31/2011
2658,8/5/2011,32,473,-185.8,15.42,10.68,6037,East,Small Business,Office Supplies,Storage & Organization,0.58,8/5/2011
2658,8/5/2011,34,229.51,-189.33,6.48,9.54,6037,East,Small Business,Office Supplies,Paper,0.37,8/6/2011
2659,10/30/2010,50,881.65,41.27,18.97,9.03,83201,West,Corporate,Office Supplies,Paper,0.37,11/1/2010
2688,12/6/2011,31,2080.035,844.902,85.99,1.25,53235,Central,Small Business,Technology,Telephones and Communication,0.39,12/7/2011
2688,12/6/2011,7,145.42,-98.46,20.97,6.5,53235,Central,Small Business,Technology,Computer Peripherals,0.78,12/7/2011
2688,12/6/2011,11,1559.4355,61.236,155.99,3.9,53235,Central,Small Business,Technology,Telephones and Communication,0.55,12/8/2011
2691,3/12/2012,14,3363.14,98.75,260.98,41.91,19891,East,Corporate,Furniture,Bookcases,0.59,3/21/2012
2720,4/20/2010,36,2051.016,483.966,65.99,3.99,62999,Central,Small Business,Technology,Telephones and Communication,0.59,4/23/2010
2722,2/19/2009,46,1895.55,807.62,40.97,1.99,34997,South,Consumer,Technology,Computer Peripherals,0.42,2/23/2009
2725,4/2/2009,39,2178.431,396.972,65.99,8.99,32003,South,Small Business,Technology,Telephones and Communication,0.56,4/3/2009
2752,10/1/2010,10,365.62,15.77,34.76,8.22,80746,West,Small Business,Office Supplies,Storage & Organization,0.57,10/1/2010
2752,10/1/2010,41,152.59,55.48,3.78,0.71,80746,West,Small Business,Office Supplies,Rubber Bands,0.39,10/3/2010
2752,10/1/2010,30,695.47,226.73,22.98,1.99,80746,West,Small Business,Technology,Computer Peripherals,0.46,10/3/2010
2752,10/1/2010,10,575.569,-86.515,65.99,5.63,80746,West,Small Business,Technology,Telephones and Communication,0.56,10/3/2010
2754,2/13/2009,11,499.26,144.05,47.9,5.86,84415,West,Home Office,Office Supplies,Paper,0.37,2/15/2009
2754,2/13/2009,16,1427.67,422.8,90.24,0.99,84415,West,Home Office,Office Supplies,Appliances,0.56,2/15/2009
2755,12/20/2011,30,736.3,259.0715,24.95,2.99,6817,East,Corporate,Office Supplies,Binders and Binder Accessories,0.39,12/20/2011
2755,12/20/2011,50,346.06,-76.54,6.48,5.86,6817,East,Corporate,Office Supplies,Paper,0.36,12/20/2011
2756,2/28/2009,42,248.54,111.75,6.3,0.5,98390,West,Small Business,Office Supplies,Labels,0.39,2/28/2009
2756,2/28/2009,25,1344.88,-13.77,55.94,4,98390,West,Small Business,Technology,Computer Peripherals,0.74,3/1/2009
2757,6/1/2011,39,3554.46,-1766.01,95.95,74.35,2139,East,Corporate,Furniture,Chairs & Chairmats,0.57,6/1/2011
2757,6/1/2011,42,569.32,84.38,12.98,3.14,45999,Central,Corporate,Office Supplies,"Scissors, Rulers and Trimmers",0.6,6/2/2011
2759,10/7/2010,25,827.47,45.37,30.98,6.5,44197,Central,Small Business,Technology,Computer Peripherals,0.64,10/9/2010
2790,7/1/2009,15,330.24,8.48,22.01,5.53,60001,Central,Home Office,Office Supplies,Pens & Art Supplies,0.59,7/2/2009
2790,7/1/2009,7,45.91,-35.535,5.44,7.46,60001,Central,Home Office,Office Supplies,Binders and Binder Accessories,0.36,7/2/2009
2790,7/1/2009,41,22319.58,-734.31,549.99,49,60001,Central,Home Office,Technology,Copiers and Fax,0.35,7/3/2009
2790,7/1/2009,15,520.65,30.63,34.76,8.22,60001,Central,Home Office,Office Supplies,Storage & Organization,0.57,7/3/2009
2791,8/22/2009,47,191.67,-236.2675,3.89,7.01,2180,East,Corporate,Office Supplies,Binders and Binder Accessories,0.37,8/22/2009
2791,8/22/2009,18,507.64,118.94,30.98,5.76,2180,East,Corporate,Office Supplies,Paper,0.4,8/23/2009
2791,8/22/2009,49,5586.33,80.44,120.98,30,2180,East,Corporate,Furniture,Chairs & Chairmats,0.64,8/24/2009
2816,8/2/2009,35,787.56,220.04,21.98,2.87,43343,Central,Corporate,Office Supplies,Pens & Art Supplies,0.55,8/3/2009
2817,3/1/2009,14,3830.14,202.25,300.97,7.18,32122,South,Home Office,Technology,Computer Peripherals,0.48,3/2/2009
2817,3/1/2009,40,1559.86,672.37,39.89,3.04,32122,South,Home Office,Furniture,Office Furnishings,0.53,3/3/2009
2818,10/24/2009,39,593.21,44.71,14.98,8.99,43343,Central,Corporate,Furniture,Office Furnishings,0.39,10/25/2009
2818,10/24/2009,2,89.23,-42.72,38.76,13.26,43343,Central,Corporate,Office Supplies,Paper,0.36,10/25/2009
2818,10/24/2009,37,565.91,192.39,15.68,3.73,43343,Central,Corporate,Furniture,Office Furnishings,0.46,10/26/2009
2823,7/22/2011,17,357.43,-135.98,20.97,6.5,23018,South,Home Office,Technology,Computer Peripherals,0.78,7/23/2011
2823,7/22/2011,21,4754.08,299.88,225.02,28.66,23018,South,Home Office,Office Supplies,Storage & Organization,0.72,7/23/2011
2848,1/21/2012,35,1476.39,-303.62,43.31,15.9,83201,West,Home Office,Furniture,Office Furnishings,0.75,1/23/2012
2848,1/21/2012,8,863.583,-264.275,125.99,8.99,83201,West,Home Office,Technology,Telephones and Communication,0.55,1/23/2012
2852,11/28/2009,10,74.87,-43.97,6.48,8.19,32122,South,Home Office,Office Supplies,Paper,0.37,11/28/2009
2852,11/28/2009,42,3931.318,1025.451,115.99,4.23,32122,South,Home Office,Technology,Telephones and Communication,0.56,11/29/2009
2853,3/17/2009,25,4253.65,943,178.47,19.99,80728,West,Consumer,Office Supplies,Storage & Organization,0.55,3/20/2009
2882,7/4/2011,9,356.72,12.61,40.98,1.99,14925,East,Consumer,Technology,Computer Peripherals,0.44,7/5/2011
2882,7/4/2011,23,3872.87,565.34,160.98,30,14925,East,Consumer,Furniture,Chairs & Chairmats,0.62,7/6/2011
2883,12/5/2010,34,2154.34,177.66,64.98,6.88,49877,Central,Consumer,Office Supplies,Storage & Organization,0.73,12/7/2010
2885,8/1/2012,29,197.41,-128.68,6.48,8.4,14210,East,Home Office,Office Supplies,Paper,0.37,8/1/2012
2885,8/1/2012,46,712.18,13.98,15.42,5.41,14210,East,Home Office,Office Supplies,Storage & Organization,0.59,8/3/2012
2912,1/23/2012,7,16587.13,-3996.39,2550.14,29.7,19936,East,Corporate,Technology,Office Machines,0.57,1/25/2012
2912,1/23/2012,9,507.98,170.9,55.98,4.86,19936,East,Corporate,Office Supplies,Paper,0.36,1/30/2012
2914,1/13/2010,3,62.88,-24.74,18.97,9.54,93456,West,Consumer,Office Supplies,Paper,0.37,1/14/2010
2915,2/10/2009,41,231.26,32.83,5.98,0.96,29684,South,Consumer,Office Supplies,Pens & Art Supplies,0.6,2/14/2009
2915,2/10/2009,23,987.17,51.59,39.98,4,29684,South,Consumer,Technology,Computer Peripherals,0.7,2/15/2009
2947,3/8/2011,8,57.04,-29.06,6.48,6.81,6703,East,Consumer,Office Supplies,Paper,0.36,3/10/2011
2976,10/22/2010,30,14223.82,3424.22,500.98,26,2180,East,Consumer,Furniture,Chairs & Chairmats,0.6,10/24/2010
2978,3/15/2011,28,4671.1495,947.313,200.99,4.2,80001,West,Corporate,Technology,Telephones and Communication,0.59,3/16/2011
2978,3/15/2011,34,6264.1855,1312.038,205.99,19.99,80001,West,Corporate,Technology,Telephones and Communication,0.6,3/16/2011
2978,3/15/2011,36,5410.95,2077.91,162.93,19.99,80001,West,Corporate,Office Supplies,Envelopes,0.39,3/17/2011
3008,9/20/2011,41,6831.72,3081.02,162.93,19.99,39859,South,Consumer,Office Supplies,Envelopes,0.39,9/21/2011
3012,3/17/2010,41,120.03,10.4975,2.78,1.49,87011,West,Corporate,Office Supplies,Binders and Binder Accessories,0.36,3/19/2010
3014,9/11/2012,13,4002.14,1314.389,304.99,19.99,69367,Central,Consumer,Office Supplies,Binders and Binder Accessories,0.4,9/13/2012
3040,2/22/2010,13,98.39,-31.54,6.48,6.6,53001,Central,Consumer,Office Supplies,Paper,0.37,2/23/2010
3042,10/3/2009,26,103.87,15.42,4.26,1.2,30002,South,Consumer,Office Supplies,Pens & Art Supplies,0.44,10/4/2009
3046,10/12/2011,24,10094.43,4451.008,420.98,19.99,29684,South,Small Business,Office Supplies,Binders and Binder Accessories,0.35,10/14/2011
3073,11/20/2008,3,10.58,-11.5805,1.98,4.77,27801,South,Home Office,Office Supplies,Binders and Binder Accessories,0.4,11/21/2008
3073,11/20/2008,7,45923.76,102.61,6783.02,24.49,27801,South,Home Office,Technology,Office Machines,0.39,11/21/2008
3073,11/20/2008,3,2119.67,-2314.74,699.99,24.49,27801,South,Home Office,Technology,Copiers and Fax,0.41,11/21/2008
3078,12/25/2009,12,33.86,0.35,2.88,0.7,96061,West,Corporate,Office Supplies,Pens & Art Supplies,0.56,12/26/2009
3078,12/25/2009,1,316.61,-187.29,291.73,48.8,96061,West,Corporate,Furniture,Chairs & Chairmats,0.56,12/27/2009
3104,7/29/2010,24,380.38,7.29,15.94,5.45,62444,Central,Consumer,Office Supplies,Pens & Art Supplies,0.55,7/29/2010
3104,7/29/2010,50,336.06,-240.78,6.48,8.88,62444,Central,Consumer,Office Supplies,Paper,0.37,7/31/2010
3108,6/17/2010,36,65.39,-0.46,1.82,1,62924,Central,Corporate,Office Supplies,Pens & Art Supplies,0.4,6/18/2010
3109,6/5/2010,47,1005.74,199.3,22.23,8.99,83552,West,Corporate,Furniture,Office Furnishings,0.41,6/12/2010
3109,6/5/2010,37,6477.7395,1653.966,205.99,8.99,83552,West,Corporate,Technology,Telephones and Communication,0.58,6/12/2010
3110,10/29/2009,13,1601.32,377.81,119.99,14,81653,West,Corporate,Technology,Office Machines,0.36,10/31/2009
3136,6/22/2009,8,238.74,-38.89,30.98,8.99,32119,South,Corporate,Office Supplies,Pens & Art Supplies,0.58,6/24/2009
3138,12/22/2008,4,718.03,-427.47,179.99,19.99,68001,Central,Consumer,Technology,Computer Peripherals,0.48,12/22/2008
3141,9/22/2011,30,534.96,-26.72,18.89,3.17,83877,West,Home Office,Technology,Computer Peripherals,0.69,9/24/2011
3168,12/12/2011,14,80.6,-4.2,5.28,3.96,27801,South,Home Office,Furniture,Office Furnishings,0.54,12/17/2011
3169,11/2/2010,7,35.58,-19.95,4.42,4.99,43001,Central,Corporate,Office Supplies,Envelopes,0.38,11/3/2010
3172,4/15/2012,33,584.511,-95.975,20.99,3.3,83465,West,Consumer,Technology,Telephones and Communication,0.81,4/17/2012
3175,5/27/2009,23,3553.62,521.69,165.2,19.99,99403,West,Small Business,Office Supplies,Storage & Organization,0.59,5/29/2009
3202,11/5/2012,10,554.21,-105.37,53.98,5.5,24658,South,Consumer,Technology,Computer Peripherals,0.62,11/9/2012
3205,2/22/2012,8,136.61,80.43,15.68,3.73,45999,Central,Consumer,Furniture,Office Furnishings,0.46,2/22/2012
3205,2/22/2012,42,2907.63,-2171.44,71.37,69,45999,Central,Consumer,Furniture,Tables,0.68,2/26/2012
3232,8/21/2012,5,42.66,-11.8335,7.84,4.71,49634,Central,Small Business,Office Supplies,Binders and Binder Accessories,0.35,8/23/2012
3235,9/27/2011,31,142.97,-12.26,4.71,0.7,19980,East,Corporate,Office Supplies,Rubber Bands,0.85,9/29/2011
3266,1/27/2011,4,17.12,-2.553,3.8,1.49,84014,West,Corporate,Office Supplies,Binders and Binder Accessories,0.38,1/31/2011
3271,11/13/2011,45,11532.99,2753.39,264.98,17.86,6817,East,Home Office,Technology,Office Machines,0.58,11/13/2011
3271,11/13/2011,18,146.1,51.14,8.34,1.43,6817,East,Home Office,Office Supplies,Paper,0.35,11/14/2011
3297,9/15/2012,40,158.7,-196.8,3.75,7.5,12917,East,Consumer,Office Supplies,Labels,0.37,9/16/2012
3300,5/27/2011,6,92.02,-47.36,15.98,4,31811,South,Home Office,Technology,Computer Peripherals,0.37,6/1/2011
3328,10/1/2012,12,1736.41,-762.44,146.05,80.2,6001,East,Corporate,Furniture,Tables,0.71,10/8/2012
3331,4/2/2010,31,153.28,73.16,4.91,0.5,87001,West,Corporate,Office Supplies,Labels,0.36,4/3/2010
3332,9/17/2009,6,22.19,-3.51,3.26,1.86,6439,East,Corporate,Office Supplies,Pens & Art Supplies,0.41,9/19/2009
3333,7/29/2012,9,59.05,-24.09,6.48,5.4,84791,West,Home Office,Office Supplies,Paper,0.37,7/29/2012
3333,7/29/2012,42,927.97,162.17,22.98,4.5,84791,West,Home Office,Office Supplies,Appliances,0.55,7/31/2012
3361,7/5/2012,49,213.71,-208.02,4.28,6.72,5544,East,Corporate,Office Supplies,Paper,0.4,7/5/2012
3361,7/5/2012,23,133.66,-5.6,5.85,2.27,5544,East,Corporate,Office Supplies,Pens & Art Supplies,0.56,7/6/2012
3362,6/10/2011,40,1699.52,734.75,40.98,1.99,88044,West,Small Business,Technology,Computer Peripherals,0.44,6/14/2011
3362,6/10/2011,50,760.85,-109.1,15.14,4.53,88044,West,Small Business,Office Supplies,Storage & Organization,0.81,6/19/2011
3363,8/5/2011,21,8185.89,2137.28,415.88,11.37,24157,South,Home Office,Office Supplies,Storage & Organization,0.57,8/5/2011
3393,5/16/2011,33,325.92,-36.47,9.48,7.29,1001,East,Consumer,Furniture,Office Furnishings,0.45,5/16/2011
3393,5/16/2011,7,127.74,-5.57,15.98,4,1001,East,Consumer,Technology,Computer Peripherals,0.37,5/17/2011
3395,9/11/2009,29,623.02,-255.66,20.89,11.52,60001,Central,Consumer,Office Supplies,Storage & Organization,0.83,9/12/2009
3395,9/11/2009,7,107.88,25.59,15.57,1.39,60001,Central,Consumer,Office Supplies,Envelopes,0.38,9/12/2009
3395,9/11/2009,1,13.16,-10.29,7.35,5.96,60001,Central,Consumer,Office Supplies,Paper,0.38,9/13/2009
3395,9/11/2009,31,181.17,-59.8805,5.38,5.24,60001,Central,Consumer,Office Supplies,Binders and Binder Accessories,0.36,9/13/2009
3397,5/5/2009,11,30.61,-3.381,2.88,1.49,80230,West,Consumer,Office Supplies,Binders and Binder Accessories,0.36,5/6/2009
3397,5/5/2009,43,815.89,-20.25,19.98,4,80230,West,Consumer,Technology,Computer Peripherals,0.68,5/7/2009
3456,4/13/2010,20,5418.68,434.38,280.98,35.67,19701,East,Small Business,Furniture,Tables,0.66,4/17/2010
3458,11/3/2009,41,627.91,222.08,15.28,1.99,83201,West,Corporate,Technology,Computer Peripherals,0.42,11/5/2009
3458,11/3/2009,28,46.89,-3.83,1.76,0.7,83201,West,Corporate,Office Supplies,Pens & Art Supplies,0.56,11/6/2009
3459,6/9/2009,24,2152.404,218.871,110.99,8.99,62541,Central,Home Office,Technology,Telephones and Communication,0.57,6/11/2009
3460,8/15/2011,27,153.23,-95.15,5.98,4.69,21230,South,Consumer,Office Supplies,Storage & Organization,0.68,8/17/2011
3461,12/13/2009,35,3206.3955,784.773,115.99,2.5,31733,South,Home Office,Technology,Telephones and Communication,0.55,12/15/2009
3461,12/13/2009,47,2053.379,1040.4,55.99,1.25,31733,South,Home Office,Technology,Telephones and Communication,0.35,12/15/2009
3463,6/30/2010,43,264.75,-212.51,6.48,8.4,88044,West,Consumer,Office Supplies,Paper,0.37,7/1/2010
3488,11/20/2010,6,133.4,-0.31,21.98,2.87,62999,Central,Home Office,Office Supplies,Pens & Art Supplies,0.55,11/21/2010
3488,11/20/2010,39,4669.19,-1864.08,122.99,70.2,62999,Central,Home Office,Furniture,Chairs & Chairmats,0.74,11/23/2010
3492,10/6/2009,49,6177.53,-1195.12,130.98,54.74,60406,Central,Corporate,Furniture,Bookcases,0.69,10/6/2009
3492,10/6/2009,33,94.6,-6.34,2.78,1.25,60406,Central,Corporate,Office Supplies,Pens & Art Supplies,0.59,10/6/2009
3492,10/6/2009,35,2393.63,524.875,67.28,19.99,60406,Central,Corporate,Office Supplies,Binders and Binder Accessories,0.4,10/11/2009
3493,7/6/2010,48,7518.12,1027.63,152.48,6.5,36344,South,Home Office,Technology,Computer Peripherals,0.74,7/8/2010
3521,9/7/2012,50,204.11,28.71,4.28,0.94,49822,Central,Home Office,Office Supplies,Pens & Art Supplies,0.56,9/9/2012
3522,8/8/2009,27,812.68,235.88,29.89,1.99,83552,West,Consumer,Technology,Computer Peripherals,0.5,8/10/2009
3522,8/8/2009,33,1935.17,-991.07,60.98,49,83552,West,Consumer,Office Supplies,Appliances,0.59,8/15/2009
3524,3/15/2012,21,427.32,52.35,18.97,9.03,7001,East,Small Business,Office Supplies,Paper,0.37,3/16/2012
3525,11/3/2011,38,115.43,11.41,2.78,1.34,31811,South,Home Office,Office Supplies,Pens & Art Supplies,0.45,11/5/2011
3526,1/26/2011,20,246.06,20.67,12.07,6.2,77474,Central,Small Business,Furniture,Office Furnishings,0.52,1/28/2011
3553,3/30/2009,7,20.5,-4.04,2.94,0.96,60406,Central,Corporate,Office Supplies,Pens & Art Supplies,0.58,3/31/2009
3554,4/29/2011,25,288.91,-14.06,12.28,6.47,29945,South,Corporate,Office Supplies,Paper,0.38,5/8/2011
3556,8/5/2012,41,4933.99,1161.89,128.24,12.65,39859,South,Home Office,Furniture,Chairs & Chairmats,0.57,8/5/2012
3556,8/5/2012,48,269.37,-103.546,5.74,5.01,39859,South,Home Office,Office Supplies,Binders and Binder Accessories,0.39,8/8/2012
3559,9/5/2012,34,136.67,-117.921,3.81,5.44,68770,Central,Corporate,Office Supplies,Binders and Binder Accessories,0.36,9/6/2012
3585,10/5/2009,27,259.72,78.05,10.06,2.06,21794,South,Corporate,Office Supplies,Paper,0.39,10/5/2009
3585,10/5/2009,34,54.69,-35.75,1.68,1.57,21794,South,Corporate,Office Supplies,Pens & Art Supplies,0.59,10/6/2009
3586,10/17/2010,32,383.57,70.51,12.58,5.16,49642,Central,Home Office,Furniture,Office Furnishings,0.43,10/18/2010
3586,10/17/2010,31,461.1,116.96,14.34,5,49642,Central,Home Office,Furniture,Office Furnishings,0.49,10/19/2010
3588,1/29/2011,18,1531.93,326.56,90.97,14,36344,South,Home Office,Technology,Office Machines,0.36,1/29/2011
3588,1/29/2011,42,374.38,-1.16,8.67,3.5,36344,South,Home Office,Office Supplies,Appliances,0.58,1/30/2011
3588,1/29/2011,14,410.27,226.72,30.93,3.92,36344,South,Home Office,Furniture,Office Furnishings,0.44,1/31/2011
3588,1/29/2011,21,1557.42,-123.81,73.98,4,36344,South,Home Office,Technology,Computer Peripherals,0.79,1/31/2011
3589,4/7/2009,23,72.93,28.55,3.15,0.49,21022,South,Home Office,Office Supplies,Labels,0.37,4/9/2009
3591,10/20/2010,12,1085.16,-311.54,89.99,42,91188,West,Small Business,Furniture,Chairs & Chairmats,0.66,10/21/2010
3591,10/20/2010,3,321.57,-100.05,100.98,15.66,91188,West,Small Business,Office Supplies,Appliances,0.57,10/22/2010
3621,3/18/2010,14,83.87,-28.83,5.58,5.3,21230,South,Small Business,Office Supplies,Envelopes,0.35,3/19/2010
3622,10/9/2011,16,76.6,-48.507,4.24,5.41,43270,Central,Consumer,Office Supplies,Binders and Binder Accessories,0.35,10/14/2011
3648,4/29/2010,46,134.81,52.36,3.15,0.49,84415,West,Home Office,Office Supplies,Labels,0.37,5/1/2010
3648,4/29/2010,34,5488.5265,1382.445,195.99,4.2,84415,West,Home Office,Technology,Telephones and Communication,0.57,5/6/2010
3649,5/18/2009,8,79.42,-15.456,8.88,6.28,6074,East,Home Office,Office Supplies,Binders and Binder Accessories,0.35,5/23/2009
3649,5/18/2009,26,75.6,17.14,2.88,0.99,6074,East,Home Office,Office Supplies,Labels,0.36,5/27/2009
3650,4/9/2012,36,139.95,-128.593,3.58,5.47,43001,Central,Home Office,Office Supplies,Binders and Binder Accessories,0.37,4/11/2012
3650,4/9/2012,24,5207.5,166.44,216.6,64.2,43001,Central,Home Office,Furniture,Chairs & Chairmats,0.59,4/11/2012
3653,2/6/2009,41,271.11,64.79,6.68,1.5,83465,West,Corporate,Office Supplies,Pens & Art Supplies,0.48,2/8/2009
3654,4/15/2012,47,12569.31,3160.63,279.81,23.19,93456,West,Corporate,Office Supplies,Appliances,0.59,4/15/2012
3654,4/15/2012,39,7338.79,4031.62,204.1,13.99,93456,West,Corporate,Technology,Office Machines,0.37,4/20/2012
3654,4/15/2012,41,95.73,-151.15,2.08,5.33,93456,West,Corporate,Furniture,Office Furnishings,0.43,4/20/2012
3655,8/18/2012,3,62.54,-30.7395,15.99,13.18,501,East,Small Business,Office Supplies,Binders and Binder Accessories,0.37,8/18/2012
3655,8/18/2012,24,2750.107,600.417,125.99,7.69,501,East,Small Business,Technology,Telephones and Communication,0.58,8/19/2012
3680,10/22/2012,24,99.53,18.2835,3.8,1.49,21022,South,Corporate,Office Supplies,Binders and Binder Accessories,0.38,10/24/2012
3680,10/22/2012,27,177.95,-61.75,6.48,6,21022,South,Corporate,Office Supplies,Paper,0.37,10/24/2012
3685,11/29/2011,29,106.78,-98.05,3.28,5,85233,West,Small Business,Office Supplies,Pens & Art Supplies,0.56,11/30/2011
3687,12/16/2009,25,79.37,6.14,3.29,1.35,2180,East,Home Office,Office Supplies,Rubber Bands,0.4,12/16/2009
3745,8/11/2010,38,1143.35,411.1,29.18,8.55,19891,East,Home Office,Furniture,Office Furnishings,0.42,8/13/2010
3746,7/24/2009,14,1463.0965,162.666,115.99,2.5,90835,West,Corporate,Technology,Telephones and Communication,0.57,7/24/2009
3746,7/24/2009,38,246.3,-67.49,5.98,5.79,90835,West,Corporate,Office Supplies,Paper,0.36,7/25/2009
3749,1/6/2011,27,353.62,140.148,12.97,1.49,88595,Central,Consumer,Office Supplies,Binders and Binder Accessories,0.35,1/8/2011
3750,3/12/2011,12,76.16,-24.03,5.98,5.2,43001,Central,Small Business,Office Supplies,Paper,0.36,3/14/2011
3777,2/18/2009,14,244.85,38.06,17.67,8.99,83810,West,Small Business,Furniture,Office Furnishings,0.47,2/19/2009
3778,4/7/2010,12,557.03,8.95,45.19,1.99,27006,South,Home Office,Technology,Computer Peripherals,0.55,4/8/2010
3778,4/7/2010,3,26.53,-15,6.68,6.92,27006,South,Home Office,Office Supplies,Paper,0.37,4/8/2010
3778,4/7/2010,34,5133.9235,1313.946,175.99,4.99,27006,South,Home Office,Technology,Telephones and Communication,0.59,4/8/2010
3778,4/7/2010,34,268.09,-63.76,8.32,2.38,27006,South,Home Office,Technology,Computer Peripherals,0.74,4/9/2010
3783,10/18/2010,11,92.14,-40.25,8.12,2.83,43567,Central,Corporate,Technology,Computer Peripherals,0.77,10/18/2010
3783,10/18/2010,40,257.43,-200.63,6.48,8.73,43567,Central,Corporate,Office Supplies,Paper,0.37,10/20/2010
3808,3/6/2009,2,6.13,-2.83,2.89,0.49,83465,West,Corporate,Office Supplies,Labels,0.38,3/6/2009
3810,7/30/2012,25,78.26,35.09,2.61,0.5,84631,West,Corporate,Office Supplies,Labels,0.39,8/1/2012
3810,7/30/2012,40,221.86,-1845.66,4.48,49,84631,West,Corporate,Office Supplies,Appliances,0.6,8/1/2012
3814,1/4/2011,43,1225.41,-138.02,28.28,13.99,96121,West,Consumer,Office Supplies,Storage & Organization,0.58,1/10/2011
3841,8/17/2009,19,1184.45,-552.1,60.98,49,28717,South,Small Business,Office Supplies,Appliances,0.59,8/19/2009
3841,8/17/2009,20,25409.63,11535.282,1270.99,19.99,28717,South,Small Business,Office Supplies,Binders and Binder Accessories,0.35,8/19/2009
3841,8/17/2009,43,7308.283,1680.228,205.99,8.99,28717,South,Small Business,Technology,Telephones and Communication,0.6,8/19/2009
3845,3/8/2012,9,3064.27,294.39,363.25,19.99,14210,East,Consumer,Office Supplies,Appliances,0.57,3/8/2012
3845,3/8/2012,15,123.91,39.04,8.34,0.96,14210,East,Consumer,Furniture,Office Furnishings,0.43,3/9/2012
3845,3/8/2012,22,475.72,-10.4,19.98,10.49,14210,East,Consumer,Furniture,Office Furnishings,0.49,3/10/2012
3877,4/2/2010,14,700.46,254.31,48.04,7.23,76901,Central,Corporate,Office Supplies,Paper,0.37,4/2/2010
3905,11/2/2010,42,2537.88,-377.25,60.89,32.41,78602,Central,Consumer,Furniture,Chairs & Chairmats,0.56,11/3/2010
3907,7/1/2012,36,218.12,-1642.65,4.48,49,62999,Central,Small Business,Office Supplies,Appliances,0.6,7/1/2012
3907,7/1/2012,36,1083.19,214.61,29.99,5.5,62999,Central,Small Business,Technology,Computer Peripherals,0.51,7/2/2012
3907,7/1/2012,34,729.83,-135.102,22.38,15.1,62999,Central,Small Business,Office Supplies,Binders and Binder Accessories,0.38,7/3/2012
3908,1/19/2010,8,820.284,-180.202,115.99,2.5,19701,East,Corporate,Technology,Telephones and Communication,0.57,1/19/2010
3911,1/27/2011,24,370.72,-156.76,15.7,11.25,31811,South,Small Business,Office Supplies,Storage & Organization,0.6,1/27/2011
3942,5/10/2010,22,1559.7755,-247.181,85.99,0.99,81221,West,Small Business,Technology,Telephones and Communication,0.85,5/11/2010
3942,5/10/2010,11,225.14,-42.61,20.15,8.99,81221,West,Small Business,Office Supplies,Pens & Art Supplies,0.58,5/11/2010
3970,2/7/2012,13,324.83,-426.54,20.98,45,88439,West,Home Office,Office Supplies,Storage & Organization,0.61,2/8/2012
3970,2/7/2012,39,1032.97,397.15,28.48,1.99,88439,West,Home Office,Technology,Computer Peripherals,0.4,2/9/2012
3973,2/4/2012,21,316.35,117.91,15.68,3.73,10501,East,Corporate,Furniture,Office Furnishings,0.46,2/6/2012
4004,3/19/2010,44,1512.25,195.48,34.58,8.99,68155,Central,Corporate,Office Supplies,Pens & Art Supplies,0.56,3/20/2010
4004,3/19/2010,14,63.52,8.66,4.84,0.71,68155,Central,Corporate,Office Supplies,Pens & Art Supplies,0.52,3/22/2010
4006,11/16/2010,38,1441.61,624.84,37.94,5.08,6928,East,Corporate,Office Supplies,Paper,0.38,11/17/2010
4007,4/30/2010,18,1038.4,112.36,56.96,13.22,49877,Central,Corporate,Office Supplies,Appliances,0.56,5/1/2010
4007,4/30/2010,1,305.82,-232.24,279.48,35,49877,Central,Corporate,Office Supplies,Storage & Organization,0.8,5/1/2010
4033,4/14/2010,21,763.12,140.33,34.76,5.49,80728,West,Consumer,Office Supplies,Storage & Organization,0.6,4/16/2010
4033,4/14/2010,38,19269.05,4127.79,500.98,41.44,80728,West,Consumer,Furniture,Bookcases,0.66,4/21/2010
4034,9/26/2010,44,3367.24,-1183.69,79.52,48.2,88134,West,Small Business,Furniture,Office Furnishings,0.74,9/27/2010
4034,9/26/2010,37,5723.24,-216.63,145.98,51.92,88134,West,Small Business,Furniture,Tables,0.69,9/27/2010
4037,2/3/2010,27,188.07,-101.85,6.48,7.86,87001,West,Corporate,Office Supplies,Paper,0.37,2/4/2010
4067,8/19/2012,16,118.38,-42.458,7.1,6.05,85301,West,Corporate,Office Supplies,Binders and Binder Accessories,0.39,8/21/2012
4069,3/25/2012,47,124.94,-2.4,2.78,1.34,68717,Central,Consumer,Office Supplies,Pens & Art Supplies,0.45,3/25/2012
4069,3/25/2012,8,54.43,-31.63,6.48,6.74,68717,Central,Consumer,Office Supplies,Paper,0.37,3/27/2012
4069,3/25/2012,30,78.46,18.57,2.62,0.8,68717,Central,Consumer,Office Supplies,Rubber Bands,0.39,3/28/2012
4070,4/24/2011,22,646.07,237.75,28.48,1.99,77037,Central,Home Office,Technology,Computer Peripherals,0.4,4/24/2011
4096,5/15/2012,21,128.28,53.58,6.3,0.5,28633,South,Corporate,Office Supplies,Labels,0.39,5/16/2012
4099,7/3/2012,42,1691.51,285.16,42.76,6.22,86504,West,Consumer,Office Supplies,Storage & Organization,0.59,7/4/2012
4099,7/3/2012,4,47.86,-17.32,9.48,7.29,86504,West,Consumer,Furniture,Office Furnishings,0.45,7/4/2012
4099,7/3/2012,39,3607.8505,784.494,110.99,8.99,86504,West,Consumer,Technology,Telephones and Communication,0.57,7/5/2012
4099,7/3/2012,12,122.93,-6.83,9.78,5.76,86504,West,Consumer,Office Supplies,Envelopes,0.35,7/6/2012
4103,5/15/2012,3,42.5,-28.43,11.66,8.99,21022,South,Home Office,Office Supplies,Pens & Art Supplies,0.59,5/19/2012
4128,8/19/2011,38,391.42,25.03,9.99,5.12,24157,South,Consumer,Office Supplies,Paper,0.4,8/21/2011
4132,4/10/2011,5,14.76,1.32,2.88,0.5,1001,East,Corporate,Office Supplies,Labels,0.36,4/12/2011
4134,11/24/2010,23,757.91,-16.05,30.97,4,34997,South,Small Business,Technology,Computer Peripherals,0.74,11/24/2010
4134,11/24/2010,48,6403.39,-824.15,130.98,54.74,34997,South,Small Business,Furniture,Bookcases,0.69,11/26/2010
4162,12/23/2011,2,381.6,-319.02,193.17,19.99,32003,South,Small Business,Office Supplies,Storage & Organization,0.71,12/27/2011
4166,1/10/2010,19,138.85,-49.3465,7.1,6.05,28909,South,Corporate,Office Supplies,Binders and Binder Accessories,0.39,1/10/2010
4193,11/21/2008,3,75.77,64.25,22.72,8.99,84791,West,Home Office,Furniture,Office Furnishings,0.44,11/21/2008
4193,11/21/2008,16,64.29,14.42,4.13,0.99,84791,West,Home Office,Office Supplies,Labels,0.39,11/21/2008
4195,4/10/2010,30,255.74,37.09,8.5,1.99,62999,Central,Corporate,Technology,Computer Peripherals,0.49,4/12/2010
4199,12/26/2011,43,639.71,102.53,14.2,5.3,83810,West,Corporate,Furniture,Office Furnishings,0.46,12/27/2011
4230,1/15/2012,18,409.16,21.96,22.72,8.99,7514,East,Corporate,Furniture,Office Furnishings,0.44,1/16/2012
4230,1/15/2012,46,2508.316,456.813,65.99,8.99,7514,East,Corporate,Technology,Telephones and Communication,0.56,1/17/2012
4257,2/4/2011,45,253.89,-83.66,5.58,5.3,85233,West,Consumer,Office Supplies,Envelopes,0.35,2/6/2011
4261,8/15/2012,22,1556.87,-521.42,68.81,60,5544,East,Corporate,Office Supplies,Appliances,0.41,8/16/2012
4261,8/15/2012,33,195.98,-71.47,5.98,5.35,5544,East,Corporate,Office Supplies,Paper,0.4,8/17/2012
4261,8/15/2012,48,274.38,-94.82,5.78,5.37,5544,East,Corporate,Office Supplies,Paper,0.36,8/17/2012
4261,8/15/2012,32,9235.97,2848.17,300.65,24.49,5544,East,Corporate,Office Supplies,Appliances,0.52,8/17/2012
4294,6/27/2012,8,17.72,-15.34,1.74,4.08,85233,West,Small Business,Furniture,Office Furnishings,0.53,6/29/2012
4321,5/30/2009,47,1505.57,-54.63,30.53,19.99,6439,East,Corporate,Office Supplies,Labels,0.39,6/1/2009
4324,5/29/2011,28,1165.33,154.85,40.97,8.99,21794,South,Small Business,Office Supplies,Pens & Art Supplies,0.59,5/31/2011
4354,8/12/2009,6,49.04,7.74,7.38,5.21,77474,Central,Corporate,Furniture,Office Furnishings,0.56,8/13/2009
4359,1/13/2010,21,215.76,-97.75,10.9,7.46,32003,South,Home Office,Office Supplies,Storage & Organization,0.59,1/15/2010
4387,9/4/2011,4,640.21,-271.69,150.98,39.25,10501,East,Corporate,Furniture,Tables,0.75,9/5/2011
4389,3/17/2009,42,2455.276,693.063,65.99,5.63,88595,Central,Corporate,Technology,Telephones and Communication,0.56,3/17/2009
4389,3/17/2009,49,7987.43,1304.9,160.98,30,88595,Central,Corporate,Furniture,Chairs & Chairmats,0.62,3/18/2009
4389,3/17/2009,35,179.45,-116.3455,5.34,5.63,88595,Central,Corporate,Office Supplies,Binders and Binder Accessories,0.39,3/19/2009
4391,12/31/2011,20,2592.432,428.472,155.99,3.9,99403,West,Home Office,Technology,Telephones and Communication,0.55,1/2/2012
4416,5/12/2012,46,7441.29,2665.396,165.98,19.99,49971,Central,Corporate,Office Supplies,Binders and Binder Accessories,0.4,5/16/2012
4422,4/3/2011,17,390.11,-19.92,21.38,8.99,83643,West,Consumer,Office Supplies,Pens & Art Supplies,0.59,4/3/2011
4422,4/3/2011,12,313.43,104.03,25.38,8.99,83643,West,Consumer,Furniture,Office Furnishings,0.5,4/3/2011
4451,8/13/2009,47,992.95,-65.21,21.38,8.99,84631,West,Corporate,Office Supplies,Pens & Art Supplies,0.59,8/13/2009
4454,12/15/2008,17,55.45,21.42,3.08,0.5,49971,Central,Corporate,Office Supplies,Labels,0.37,12/20/2008
4455,8/23/2010,39,279.29,14.15,7.59,4,76246,Central,Small Business,Furniture,Office Furnishings,0.42,8/25/2010
4487,1/5/2010,50,325.24,-79.419,6.54,5.27,5544,East,Small Business,Office Supplies,Binders and Binder Accessories,0.36,1/6/2010
4512,9/6/2011,43,6077.11,-124.1,146.34,43.75,84791,West,Home Office,Furniture,Tables,0.64,9/11/2011
4514,3/12/2009,28,2841.4395,374.625,125.99,7.69,14925,East,Consumer,Technology,Telephones and Communication,0.59,3/13/2009
4515,1/28/2012,7,887.94,49.45,120.97,7.11,83877,West,Consumer,Technology,Office Machines,0.36,1/29/2012
4516,2/8/2009,42,294.78,-113.45,6.68,6.93,45999,Central,Small Business,Office Supplies,Paper,0.37,2/9/2009
4545,11/29/2009,4,33.1,-24.15,6.48,8.74,6439,East,Small Business,Office Supplies,Paper,0.36,11/30/2009
4545,11/29/2009,33,126.38,26.64,4,1.3,6439,East,Small Business,Office Supplies,Paper,0.37,12/1/2009
4550,11/10/2009,32,3730.54,1369.09,119.99,16.8,24157,South,Home Office,Technology,Office Machines,0.35,11/12/2009
4578,7/26/2012,45,282.71,-141.44,6.48,6.74,60406,Central,Corporate,Office Supplies,Paper,0.37,7/31/2012
4578,7/26/2012,48,724.13,-250.53,14.81,13.32,60406,Central,Corporate,Office Supplies,Appliances,0.43,8/2/2012
4578,7/26/2012,15,294.66,86.33,20.24,6.67,60406,Central,Corporate,Furniture,Office Furnishings,0.49,8/2/2012
4579,10/13/2011,40,1765.05,749.2155,43.41,2.99,7001,East,Small Business,Office Supplies,Binders and Binder Accessories,0.39,10/14/2011
4580,9/27/2010,28,7384.54,-1609.46,280.98,81.98,1001,East,Consumer,Furniture,Tables,0.78,9/28/2010
4581,7/17/2012,25,2325.42,739.91,90.48,19.99,28909,South,Home Office,Office Supplies,Envelopes,0.4,7/19/2012
4583,8/7/2009,44,3021.64,-720.2,70.98,30,87011,West,Corporate,Furniture,Chairs & Chairmats,0.73,8/9/2009
4610,4/30/2010,8,66.88,-17.01,8.33,1.99,98001,West,Small Business,Technology,Computer Peripherals,0.52,5/2/2010
4610,4/30/2010,29,447.34,203.01,15.67,1.39,98001,West,Small Business,Office Supplies,Envelopes,0.38,5/4/2010
4611,11/22/2009,32,16172.44,7176.12,500.98,28.14,43270,Central,Consumer,Technology,Office Machines,0.38,11/22/2009
4612,8/2/2010,9,89.55,-375.64,4.48,49,2054,East,Corporate,Office Supplies,Appliances,0.6,8/4/2010
4642,1/9/2011,21,309.62,-80.2,14.03,9.37,85301,West,Corporate,Office Supplies,Storage & Organization,0.56,1/9/2011
4642,1/9/2011,9,65.61,-39.74,7.28,3.52,85301,West,Corporate,Technology,Computer Peripherals,0.68,1/10/2011
4645,8/2/2009,30,920,-45.07,30.73,4,29001,South,Small Business,Technology,Computer Peripherals,0.75,8/2/2009
4645,8/2/2009,11,3563.88,285.95,299.99,11.64,29001,South,Small Business,Technology,Copiers and Fax,0.5,8/4/2009
4645,8/2/2009,7,104.2,-8.53,14.56,3.5,29001,South,Small Business,Office Supplies,Appliances,0.58,8/4/2009
4647,3/26/2009,34,482.93,-67.59,13.9,7.59,32119,South,Corporate,Office Supplies,"Scissors, Rulers and Trimmers",0.56,3/27/2009
4647,3/26/2009,7,1203.73,293.14,162.93,19.99,32119,South,Corporate,Office Supplies,Envelopes,0.39,3/27/2009
4647,3/26/2009,33,1590.163,-57.541,55.99,5,32119,South,Corporate,Technology,Telephones and Communication,0.8,3/27/2009
4647,3/26/2009,6,75.19,-6.61,11.58,5.72,32119,South,Corporate,Office Supplies,Envelopes,0.35,3/28/2009
4672,9/19/2011,20,152.44,-16.64,7.7,3.68,90835,West,Corporate,Furniture,Office Furnishings,0.52,9/20/2011
4674,3/1/2009,23,3041.33,-260.41,130.98,30,77474,Central,Corporate,Furniture,Chairs & Chairmats,0.78,3/2/2009
4675,10/7/2010,4,17.89,-1.15,3.98,0.7,88044,West,Consumer,Office Supplies,Pens & Art Supplies,0.52,10/9/2010
4676,7/14/2011,11,1210.0515,-104.247,125.99,7.69,19891,East,Home Office,Technology,Telephones and Communication,0.58,7/15/2011
4676,7/14/2011,30,4253.009,1115.694,155.99,8.99,19891,East,Home Office,Technology,Telephones and Communication,0.58,7/15/2011
4676,7/14/2011,50,187.83,85.96,3.75,0.5,19891,East,Home Office,Office Supplies,Labels,0.37,7/16/2011
4676,7/14/2011,3,49.59,-8.38,12.28,6.47,19891,East,Home Office,Office Supplies,Paper,0.38,7/16/2011
4705,2/2/2012,16,123.85,-71.44,7.98,6.5,2054,East,Corporate,Office Supplies,Storage & Organization,0.59,2/4/2012
4706,11/10/2012,30,2116.7,488.818,67.28,19.99,99403,West,Small Business,Office Supplies,Binders and Binder Accessories,0.4,11/12/2012
4708,8/13/2009,29,180.38,-119.32,6.48,7.49,83465,West,Corporate,Office Supplies,Paper,0.37,8/15/2009
4737,1/21/2010,49,314.21,49.77,5.88,3.04,32003,South,Corporate,Office Supplies,Paper,0.36,1/22/2010
4738,2/19/2012,2,10.39,-7.97,4.71,0.7,39901,South,Home Office,Office Supplies,Rubber Bands,0.8,2/20/2012
4739,1/3/2010,16,48.57,4.21,2.94,0.7,83465,West,Corporate,Office Supplies,Pens & Art Supplies,0.58,1/7/2010
4741,5/19/2012,40,342.97,-131.63,8.75,8.54,35480,South,Consumer,Furniture,Office Furnishings,0.43,5/20/2012
4743,2/10/2010,29,352.55,128.9875,12.97,1.49,24157,South,Home Office,Office Supplies,Binders and Binder Accessories,0.35,2/14/2010
4743,2/10/2010,32,719.64,-245.62,20.89,11.52,24157,South,Home Office,Office Supplies,Storage & Organization,0.83,2/17/2010
4769,2/24/2011,41,117.4,48.63,2.88,0.5,45999,Central,Home Office,Office Supplies,Labels,0.36,2/25/2011
4771,10/26/2012,4,135.928,-126.47,31.76,45.51,30002,South,Consumer,Furniture,Tables,0.65,10/28/2012
4772,7/27/2009,28,1560.617,214.29,65.99,8.99,87001,West,Corporate,Technology,Telephones and Communication,0.55,7/28/2009
4773,11/4/2011,26,311.38,34.12,11.58,5.72,27010,South,Home Office,Office Supplies,Envelopes,0.35,11/5/2011
4773,11/4/2011,48,6746.312,311.02,179.29,29.21,27010,South,Home Office,Furniture,Tables,0.76,11/6/2011
4774,3/2/2010,4,126.87,-125.99,32.98,5.5,78702,Central,Corporate,Technology,Computer Peripherals,0.75,3/3/2010
4800,11/18/2011,7,79.81,-4.28,11.55,2.36,28633,South,Corporate,Office Supplies,Pens & Art Supplies,0.55,11/23/2011
4800,11/18/2011,17,89.25,40.88,4.91,0.5,28633,South,Corporate,Office Supplies,Labels,0.36,11/25/2011
4800,11/18/2011,4,41.94,-26.174,8.04,8.94,28633,South,Corporate,Office Supplies,Binders and Binder Accessories,0.4,11/25/2011
4804,12/10/2011,13,463.83,103.26,33.98,1.99,81655,West,Corporate,Technology,Computer Peripherals,0.45,12/11/2011
4805,3/7/2012,7,55.38,-25.95,6.48,7.37,501,East,Small Business,Office Supplies,Paper,0.37,3/10/2012
4835,9/6/2009,3,9.4,-7.6,2.52,1.92,99403,West,Home Office,Office Supplies,"Scissors, Rulers and Trimmers",0.82,9/6/2009
4839,3/22/2009,24,159.43,-120.59,6.48,8.73,21230,South,Consumer,Office Supplies,Paper,0.37,3/22/2009
4864,9/23/2012,16,4901.99,1724.6755,315.98,19.99,84663,West,Corporate,Office Supplies,Binders and Binder Accessories,0.38,9/27/2012
4870,6/18/2009,44,17248.09,2048.63,400.98,42.52,91188,West,Corporate,Furniture,Tables,0.71,6/19/2009
4871,4/24/2011,8,775.74,-215.39,89.99,42,23018,South,Consumer,Furniture,Chairs & Chairmats,0.66,4/26/2011
4871,4/24/2011,26,238.34,-19.31,9.31,3.98,23018,South,Consumer,Office Supplies,"Scissors, Rulers and Trimmers",0.56,4/27/2011
4896,7/4/2012,25,831.52,259.47,35.41,1.99,95503,West,Small Business,Technology,Computer Peripherals,0.43,7/4/2012
4896,7/4/2012,10,1089.87,-124.509,125.99,5.99,95503,West,Small Business,Technology,Telephones and Communication,0.56,7/6/2012
4896,7/4/2012,21,121.3,-64.8715,5.8,5.59,95503,West,Small Business,Office Supplies,Binders and Binder Accessories,0.4,7/6/2012
4931,9/29/2009,22,168.31,46.49,8.17,1.69,39901,South,Corporate,Office Supplies,Paper,0.38,9/29/2009
4931,9/29/2009,45,4282.725,1371.744,110.99,2.5,39901,South,Corporate,Technology,Telephones and Communication,0.57,10/1/2009
4932,6/22/2010,11,109.37,25.96,10.31,1.79,10501,East,Corporate,Office Supplies,Paper,0.38,6/24/2010
4935,4/6/2010,30,106.64,-31.95,3.68,1.32,88439,West,Corporate,Office Supplies,"Scissors, Rulers and Trimmers",0.83,4/9/2010
4960,1/8/2011,4,40.87,-16.38,6.48,8.74,98310,West,Corporate,Office Supplies,Paper,0.36,1/10/2011
4960,1/8/2011,30,8363.65,763.33,300.98,64.73,98310,West,Corporate,Furniture,Chairs & Chairmats,0.56,1/12/2011
4965,9/2/2010,14,1068.79,56.05,76.72,19.95,96061,West,Corporate,Office Supplies,Appliances,0.54,9/2/2010
4965,9/2/2010,46,287.13,-186.31,5.78,7.96,96061,West,Corporate,Office Supplies,Paper,0.36,9/7/2010
4996,7/27/2012,30,4305.79,1020.32,142.86,19.99,85071,West,Corporate,Office Supplies,Storage & Organization,0.56,7/28/2012
5028,2/28/2012,10,79.68,18.24,7.7,3.68,62999,Central,Corporate,Furniture,Office Furnishings,0.52,3/1/2012
5059,9/22/2010,5,41.18,-19.3085,5.44,7.46,28633,South,Small Business,Office Supplies,Binders and Binder Accessories,0.36,9/24/2010
5061,6/26/2010,4,12.8,-2.21,2.88,0.7,1059,East,Corporate,Office Supplies,Pens & Art Supplies,0.56,6/28/2010
5092,9/11/2011,3,709.04,-337.92,220.98,64.66,14210,East,Consumer,Furniture,Bookcases,0.62,9/11/2011
5092,9/11/2011,25,978.77,220.91,38.76,13.26,14210,East,Consumer,Office Supplies,Paper,0.36,9/16/2011
5094,2/8/2010,2,79.58,-38.28,37.44,4.27,81124,West,Small Business,Office Supplies,Pens & Art Supplies,0.46,2/10/2010
5095,3/4/2012,7,786.675,-315.029,125.99,8.8,8989,East,Corporate,Technology,Telephones and Communication,0.59,3/5/2012
5121,3/23/2012,45,1991.703,559.107,55.99,1.25,84663,West,Corporate,Technology,Telephones and Communication,0.55,3/24/2012
5153,7/8/2011,37,4896.93,1467.82,128.24,12.65,49822,Central,Home Office,Furniture,Chairs & Chairmats,0.57,7/10/2011
5155,4/24/2009,14,569.21,-38.51,39.98,4,83877,West,Corporate,Technology,Computer Peripherals,0.7,4/25/2009
5188,1/12/2011,24,192.8,31,8.01,2.87,99403,West,Small Business,Office Supplies,Paper,0.4,1/15/2011
5189,10/8/2010,8,24.72,-21.47,2.74,3.5,21022,South,Corporate,Office Supplies,Pens & Art Supplies,0.58,10/10/2010
5189,10/8/2010,14,2066.63,65.58,140.85,19.99,21022,South,Corporate,Office Supplies,Storage & Organization,0.73,10/10/2010
5189,10/8/2010,12,900.06,-221.12,73.98,14.52,21022,South,Corporate,Technology,Computer Peripherals,0.65,10/15/2010
5217,8/25/2011,8,339.35,27.88,40.98,5.33,45999,Central,Home Office,Office Supplies,Appliances,0.57,8/25/2011
5217,8/25/2011,11,33.67,4.08,3.08,0.99,45999,Central,Home Office,Office Supplies,Labels,0.37,8/27/2011
5221,4/21/2011,48,1347.63,562.89,28.48,1.99,32122,South,Corporate,Technology,Computer Peripherals,0.4,4/23/2011
5222,4/8/2009,40,14451.75,4503.63,349.45,60,10040,East,Consumer,Furniture,Tables,0.49,4/9/2009
5251,2/22/2011,38,3821.039,1057.887,115.99,5.99,19936,East,Corporate,Technology,Telephones and Communication,0.57,2/24/2011
5254,6/7/2012,31,1735.3515,258.624,65.99,8.99,39901,South,Corporate,Technology,Telephones and Communication,0.56,6/9/2012
5281,9/14/2011,36,4733.7,624.36,120.98,30,81655,West,Consumer,Furniture,Chairs & Chairmats,0.64,9/15/2011
5281,9/14/2011,14,2718.07,1107.53,209.84,21.21,81655,West,Consumer,Furniture,Office Furnishings,0.59,9/15/2011
5283,4/16/2009,23,2508.673,417.465,125.99,7.69,24157,South,Home Office,Technology,Telephones and Communication,0.58,4/18/2009
5284,5/21/2011,7,59.38,-3.0475,8.69,2.99,19891,East,Home Office,Office Supplies,Binders and Binder Accessories,0.39,5/23/2011
5316,12/13/2008,42,1285.37,514.07,31.78,1.99,19980,East,Corporate,Technology,Computer Peripherals,0.42,12/15/2008
5317,7/22/2009,25,4279.24,890.181,205.99,5.26,62999,Central,Small Business,Technology,Telephones and Communication,0.56,7/29/2009
5317,7/22/2009,38,212.57,9.486,5.34,2.99,62999,Central,Small Business,Office Supplies,Binders and Binder Accessories,0.38,7/29/2009
5317,7/22/2009,10,1469.48,-263.65,140.98,53.48,62999,Central,Small Business,Furniture,Bookcases,0.65,7/29/2009
5318,2/14/2010,29,5010.7415,1196.37,200.99,4.2,48001,Central,Consumer,Technology,Telephones and Communication,0.59,2/15/2010
5318,2/14/2010,8,1042.25,195.16,131.12,0.99,48001,Central,Consumer,Office Supplies,Appliances,0.55,2/16/2010
5346,11/7/2010,34,2932.99,-1448.83,90.98,56.2,2054,East,Home Office,Furniture,Office Furnishings,0.74,11/8/2010
5346,11/7/2010,45,9194.8,-1956.19,218.75,69.64,2054,East,Home Office,Furniture,Tables,0.77,11/9/2010
5346,11/7/2010,17,2285.12,-455.8,140.98,36.09,2054,East,Home Office,Furniture,Bookcases,0.77,11/9/2010
5347,1/4/2011,1,187.204,-796.763,205.99,5.26,24658,South,Corporate,Technology,Telephones and Communication,0.56,1/5/2011
5347,1/4/2011,7,525.555,-60.665,85.99,1.25,24658,South,Corporate,Technology,Telephones and Communication,0.39,1/6/2011
5347,1/4/2011,39,276.029,-108.185,7.99,5.03,24658,South,Corporate,Technology,Telephones and Communication,0.6,1/7/2011
5350,8/22/2010,39,434.73,-12.2,11.33,6.12,14709,East,Consumer,Office Supplies,Appliances,0.42,8/24/2010
5350,8/22/2010,50,7017.42,595.2,140.85,19.99,14709,East,Consumer,Office Supplies,Storage & Organization,0.73,8/29/2010
5378,9/6/2012,6,54.28,-11.98,6.24,5.22,53006,Central,Corporate,Furniture,Office Furnishings,0.6,9/8/2012
5381,12/11/2009,27,63.87,-149.93,2.18,7.09,20101,South,Home Office,Office Supplies,Paper,0.38,12/18/2009
5381,12/11/2009,47,4888.14,1545.09,107.53,5.81,20101,South,Home Office,Furniture,Office Furnishings,0.65,12/18/2009
5382,11/25/2011,30,260.12,36.54,8.98,4.19,83465,West,Consumer,Furniture,Office Furnishings,0.43,12/2/2011
5408,6/2/2012,20,88.82,38.35,4.13,0.5,31811,South,Small Business,Office Supplies,Labels,0.39,6/9/2012
5408,6/2/2012,11,2392.23,1216.74,209.84,21.21,31811,South,Small Business,Furniture,Office Furnishings,0.59,6/11/2012
5409,11/21/2011,11,48.91,-7.04,3.98,2.97,5544,East,Corporate,Office Supplies,Paper,0.35,11/26/2011
5414,2/4/2010,14,284.62,-27.08,20.98,5.42,83465,West,Corporate,Office Supplies,Storage & Organization,0.66,2/5/2010
5441,6/2/2009,16,278.92,6.11,17.15,4.96,53081,Central,Consumer,Office Supplies,Storage & Organization,0.58,6/3/2009
5441,6/2/2009,34,226.83,-92.05,6.48,6.6,53081,Central,Consumer,Office Supplies,Paper,0.37,6/4/2009
5444,1/28/2011,2,885.94,-2024.079,449.99,24.49,19936,East,Small Business,Technology,Copiers and Fax,0.52,1/30/2011
5445,6/7/2010,4,29.42,14.43,3.69,0.5,81221,West,Home Office,Office Supplies,Labels,0.38,6/12/2010
5445,6/7/2010,9,46.48,-1.82,4.63,1.93,81221,West,Home Office,Office Supplies,Pens & Art Supplies,0.52,6/14/2010
5446,5/3/2009,42,433.68,44.1,10.98,4.8,48001,Central,Corporate,Office Supplies,Envelopes,0.36,5/10/2009
5472,2/21/2010,32,216.08,-84.33,6.48,6.65,93456,West,Corporate,Office Supplies,Paper,0.36,2/23/2010
5472,2/21/2010,12,1098.149,-182.974,115.99,5.92,93456,West,Corporate,Technology,Telephones and Communication,0.58,2/23/2010
5472,2/21/2010,27,339.03,-24.44,13.48,4.51,93456,West,Corporate,Office Supplies,Storage & Organization,0.59,2/25/2010
5473,2/5/2012,42,355.69,-149.46,8.74,8.29,85321,West,Small Business,Office Supplies,Envelopes,0.38,2/7/2012
5504,11/18/2009,6,49.55,-20.33,5.78,7.64,35244,South,Small Business,Office Supplies,Paper,0.36,11/20/2009
5504,11/18/2009,15,606.56,20.232,45.99,4.99,35244,South,Small Business,Technology,Telephones and Communication,0.56,11/20/2009
5506,9/20/2010,22,129.62,4.41,5.88,3.04,2054,East,Corporate,Office Supplies,Paper,0.36,9/21/2010
5509,2/18/2009,11,68.46,-22.48,5.58,5.3,85003,West,Home Office,Office Supplies,Envelopes,0.35,2/23/2009
5509,2/18/2009,21,885.23,78.98,40.89,18.98,85003,West,Home Office,Furniture,Office Furnishings,0.57,2/25/2009
5510,11/20/2009,12,116.38,29.68,9.68,2.03,21022,South,Home Office,Office Supplies,Paper,0.37,11/23/2009
5511,10/11/2009,46,129.44,-5.54,2.58,1.3,7001,East,Corporate,Office Supplies,Pens & Art Supplies,0.59,10/12/2009
5511,10/11/2009,32,1829.387,482.445,65.99,3.9,7001,East,Corporate,Technology,Telephones and Communication,0.55,10/12/2009
5538,11/6/2010,13,1940.31,-742.43,146.05,80.2,88044,West,Consumer,Furniture,Tables,0.71,11/7/2010
5538,11/6/2010,43,1281.28,415.854,29.17,6.27,88044,West,Consumer,Office Supplies,Binders and Binder Accessories,0.37,11/8/2010
5538,11/6/2010,4,430.848,-492.767,125.99,5.63,88044,West,Consumer,Technology,Telephones and Communication,0.6,11/9/2010
5543,8/7/2010,15,703.54,138.46,48.58,3.99,28909,South,Corporate,Office Supplies,Appliances,0.56,8/9/2010
5543,8/7/2010,27,67.3,-115.38,2.18,5,28909,South,Corporate,Office Supplies,"Scissors, Rulers and Trimmers",0.81,8/9/2010
5543,8/7/2010,6,65.93,11.06,10.31,1.79,28909,South,Corporate,Office Supplies,Paper,0.38,8/10/2010
5568,4/19/2011,8,120.22,52.69,14.34,5,32119,South,Home Office,Furniture,Office Furnishings,0.49,4/20/2011
5569,3/12/2010,12,118.97,-0.06,9.65,6.22,1001,East,Corporate,Furniture,Office Furnishings,0.55,3/14/2010
5572,5/29/2009,37,288.55,-133.7,7.37,5.53,2054,East,Corporate,Technology,Computer Peripherals,0.69,5/31/2009
5575,6/5/2011,41,254.69,-269.37,5.98,10.39,39859,South,Corporate,Office Supplies,Paper,0.4,6/5/2011
5601,11/18/2011,10,120.53,49.26,12.22,2.85,84663,West,Consumer,Furniture,Office Furnishings,0.55,11/19/2011
5607,11/13/2011,8,61.8715,-50.325,7.99,5.03,7001,East,Home Office,Technology,Telephones and Communication,0.6,11/16/2011
5635,6/28/2012,50,281.58,-161.56,5.77,5.92,31811,South,Corporate,Furniture,Office Furnishings,0.55,6/30/2012
5635,6/28/2012,17,198.78,-28.3475,11.5,7.19,31811,South,Corporate,Office Supplies,Binders and Binder Accessories,0.4,6/30/2012
5636,12/29/2010,23,138.17,-1.09,5.85,2.27,28633,South,Small Business,Office Supplies,Pens & Art Supplies,0.56,12/31/2010
5639,4/14/2009,31,501.38,-71.95,15.31,8.78,93456,West,Small Business,Office Supplies,Storage & Organization,0.57,4/15/2009
5696,3/16/2011,4,2206.17,251.43,525.98,19.99,54990,Central,Consumer,Office Supplies,Binders and Binder Accessories,0.37,3/18/2011
5696,3/16/2011,40,621.12,190.5275,16.51,2.99,54990,Central,Consumer,Office Supplies,Binders and Binder Accessories,0.37,3/18/2011
5696,3/16/2011,31,175.92,-93.41,5.98,3.85,54990,Central,Consumer,Technology,Computer Peripherals,0.68,3/18/2011
5697,8/17/2012,31,371.68,-13.32,11.29,5.03,98310,West,Home Office,Office Supplies,Storage & Organization,0.59,8/19/2012
5698,4/2/2009,15,297.05,-16.89,20.48,6.32,86409,West,Consumer,Office Supplies,Appliances,0.58,4/3/2009
5698,4/2/2009,7,108.26,25.51,15.67,1.39,86409,West,Consumer,Office Supplies,Envelopes,0.38,4/3/2009
5699,6/11/2012,41,573.89,-121.44,14.98,7.69,80746,West,Small Business,Office Supplies,Storage & Organization,0.57,6/16/2012
5699,6/11/2012,2,9.25,-4.21,4.13,0.99,80746,West,Small Business,Office Supplies,Labels,0.39,6/16/2012
5702,7/20/2010,20,2039.39,199.73,99.99,19.99,6439,East,Corporate,Technology,Computer Peripherals,0.52,7/22/2010
5703,3/28/2010,29,357.96,10.44,12.28,6.47,6817,East,Consumer,Office Supplies,Paper,0.38,3/29/2010
5735,10/23/2009,10,2665.64,-107.49,280.98,35.67,60001,Central,Home Office,Furniture,Tables,0.66,10/24/2009
5760,4/6/2009,34,5261.73,650.3,150.98,43.71,84014,West,Home Office,Furniture,Chairs & Chairmats,0.55,4/7/2009
5764,8/15/2010,23,193.79,-117.162,8.04,8.94,83810,West,Small Business,Office Supplies,Binders and Binder Accessories,0.4,8/16/2010
5765,10/27/2009,23,849.46,9.06,35.44,19.99,43567,Central,Corporate,Office Supplies,Paper,0.38,11/3/2009
5767,3/11/2012,36,163.54,-95.059,4.13,5.04,53081,Central,Small Business,Office Supplies,Binders and Binder Accessories,0.38,3/12/2012
5767,3/11/2012,31,2390.54,756.1,82.99,5.5,53081,Central,Small Business,Technology,Computer Peripherals,0.44,3/13/2012
5799,6/15/2011,34,9626.86,1882.2,294.62,42.52,8823,East,Small Business,Office Supplies,Appliances,0.57,6/17/2011
5828,1/16/2009,21,6005.21,-450.7,296.18,54.12,88439,West,Home Office,Furniture,Tables,0.76,1/23/2009
5830,2/4/2010,49,2012.14,241.74,40.97,14.45,93456,West,Corporate,Furniture,Office Furnishings,0.57,2/5/2010
5856,9/18/2009,42,10307.01,3025.59,230.98,23.78,62999,Central,Small Business,Furniture,Tables,0.6,9/20/2009
5858,5/26/2012,48,2531.66,354.74,50.98,13.66,6703,East,Small Business,Office Supplies,Appliances,0.58,5/28/2012
5858,5/26/2012,29,5382.3105,1419.048,205.99,8.99,6703,East,Small Business,Technology,Telephones and Communication,0.58,5/28/2012
5860,1/2/2012,12,56.73,8.33,4.84,0.71,83465,West,Consumer,Office Supplies,Pens & Art Supplies,0.52,1/4/2012
5863,10/4/2010,40,933.21,207.18,22.98,7.58,87001,West,Corporate,Furniture,Office Furnishings,0.51,10/5/2010
5890,9/16/2012,42,813.535,435.951,20.99,0.99,14210,East,Consumer,Technology,Telephones and Communication,0.37,9/17/2012
5891,11/10/2012,2,44.45,-17.457,20.98,1.49,60001,Central,Home Office,Office Supplies,Binders and Binder Accessories,0.35,11/12/2012
5894,6/25/2009,7,384.33,87.6775,58.1,1.49,5544,East,Corporate,Office Supplies,Binders and Binder Accessories,0.38,6/26/2009
5894,6/25/2009,3,239.03,-68.22,80.48,4.5,5544,East,Corporate,Office Supplies,Appliances,0.55,6/28/2009
5920,10/2/2009,4,582.59,-121.75,155.06,7.07,6928,East,Consumer,Office Supplies,Storage & Organization,0.59,10/2/2009
5921,2/17/2009,27,384.74,2.69,13.43,5.5,43317,Central,Corporate,Office Supplies,Storage & Organization,0.57,2/24/2009
5925,9/25/2011,25,1733.3625,-267.014,85.99,0.99,5544,East,Home Office,Technology,Telephones and Communication,0.85,10/2/2011
5925,9/25/2011,44,3922.42,-354.9,92.23,39.61,5544,East,Home Office,Furniture,Office Furnishings,0.67,10/2/2011
5954,10/15/2012,32,18316.3,4569.06,596.98,14.7,29945,South,Corporate,Technology,Office Machines,0.57,10/17/2012
5957,11/8/2010,15,68.32,-66.72,4.28,6.72,36830,South,Small Business,Office Supplies,Paper,0.4,11/9/2010
5957,11/8/2010,3,536.38,-258.8,150.98,66.27,36830,South,Small Business,Furniture,Bookcases,0.65,11/10/2010
5957,11/8/2010,23,391.8755,-38.016,20.99,4.81,36830,South,Small Business,Technology,Telephones and Communication,0.58,11/11/2010
5958,7/29/2011,21,2629.664,27.74,159.31,60,39901,South,Small Business,Furniture,Tables,0.55,7/29/2011
5958,7/29/2011,3,2036.97,-2397.44,699.99,24.49,39901,South,Small Business,Technology,Copiers and Fax,0.41,7/31/2011
5984,4/30/2009,11,96.68,22.25,7.96,4.95,21230,South,Consumer,Furniture,Office Furnishings,0.41,5/2/2009
5984,4/30/2009,37,394.62,-31.39,10.89,4.5,21230,South,Consumer,Office Supplies,Appliances,0.59,5/5/2009
5984,4/30/2009,42,464.64,14.48,10.64,5.16,21230,South,Consumer,Furniture,Office Furnishings,0.57,5/5/2009
5986,3/4/2012,48,5556.18,1638.48,120.98,3.99,86556,West,Small Business,Office Supplies,Appliances,0.6,3/4/2012
5986,3/4/2012,20,1021.55,64.81,50.98,14.19,86556,West,Small Business,Furniture,Chairs & Chairmats,0.56,3/5/2012
5986,3/4/2012,41,205.24,-148.77,4.89,4.93,86556,West,Small Business,Technology,Computer Peripherals,0.66,3/5/2012
5988,10/4/2010,40,19109.61,-379.29,499.99,24.49,49634,Central,Home Office,Technology,Copiers and Fax,0.36,10/5/2010
5989,8/27/2011,21,56.77,-3.2,2.78,1.34,32099,South,Corporate,Office Supplies,Pens & Art Supplies,0.45,8/28/2011
5989,8/27/2011,6,155.48,-6.64,25.98,5.37,32099,South,Corporate,Office Supplies,Appliances,0.5,8/29/2011
5990,2/18/2010,9,63.91,-27.78,6.48,6.35,21794,South,Home Office,Office Supplies,Paper,0.37,2/19/2010
6016,12/3/2011,19,208.28,3.63,11.48,5.43,7010,East,Home Office,Office Supplies,Paper,0.36,12/3/2011
6018,7/1/2012,39,206.09,36.04,5.08,2.03,30002,South,Home Office,Furniture,Office Furnishings,0.51,7/3/2012
6018,7/1/2012,2,124.25,-55.78,55.98,13.88,30002,South,Home Office,Office Supplies,Paper,0.36,7/6/2012
6020,8/4/2009,23,66.09,13.71,2.88,0.99,78702,Central,Corporate,Office Supplies,Labels,0.36,8/6/2009
6050,2/8/2010,47,9574.82,-1860.83,209.37,69,68016,Central,Small Business,Furniture,Tables,0.79,2/13/2010
6050,2/8/2010,3,261.94,-252.62,80.97,33.6,68016,Central,Small Business,Technology,Office Machines,0.37,2/15/2010
6053,10/24/2010,4,16.08,-3.749,3.8,1.49,98625,West,Corporate,Office Supplies,Binders and Binder Accessories,0.38,10/26/2010
6054,7/22/2011,6,27.32,-5.87,2.08,5.33,98601,West,Corporate,Furniture,Office Furnishings,0.43,7/24/2011
6054,7/22/2011,43,643.31,-231.34,15.42,10.68,98601,West,Corporate,Office Supplies,Storage & Organization,0.58,7/27/2011
6086,8/5/2011,48,1734.72,57.89,35.44,19.99,77037,Central,Corporate,Office Supplies,Paper,0.38,8/7/2011
6112,7/6/2009,10,1597.37,-533.69,146.05,80.2,78702,Central,Corporate,Furniture,Tables,0.71,7/6/2009
6112,7/6/2009,31,1753.958,382.392,65.99,5.92,78702,Central,Corporate,Technology,Telephones and Communication,0.55,7/7/2009
6115,7/25/2010,25,409.08,78.86,17.78,5.03,48001,Central,Consumer,Furniture,Office Furnishings,0.54,7/26/2010
6116,1/31/2009,7,150.77,-72.23,19.98,4,21230,South,Corporate,Technology,Computer Peripherals,0.68,1/31/2009
6116,1/31/2009,6,9620.82,-1759.58,1637.53,24.49,21230,South,Corporate,Office Supplies,"Scissors, Rulers and Trimmers",0.81,2/2/2009
6117,11/3/2012,7,157.03,13.21,22.23,5.08,83465,West,Home Office,Furniture,Office Furnishings,0.41,11/4/2012
6144,5/4/2009,4,1472.31,-248.43,348.21,40.19,84663,West,Corporate,Furniture,Tables,0.62,5/5/2009
6144,5/4/2009,24,67.35,22.63,2.88,0.5,84663,West,Corporate,Office Supplies,Labels,0.39,5/7/2009
6148,11/6/2011,18,389.52,116.37,20.28,6.68,28909,South,Small Business,Furniture,Office Furnishings,0.53,11/7/2011
6148,11/6/2011,50,510.56,-29.4,10.64,5.16,28909,South,Small Business,Furniture,Office Furnishings,0.57,11/7/2011
6150,8/14/2012,38,191.14,82.65,4.98,0.8,10501,East,Small Business,Office Supplies,Paper,0.36,8/15/2012
6179,4/15/2009,50,477.53,197.76,9.78,1.39,62541,Central,Consumer,Office Supplies,Envelopes,0.39,4/16/2009
6179,4/15/2009,15,2690.7515,234.612,200.99,8.08,62541,Central,Consumer,Technology,Telephones and Communication,0.59,4/17/2009
6180,2/22/2011,44,2443.342,590.319,65.99,3.99,29941,South,Home Office,Technology,Telephones and Communication,0.59,2/24/2011
6182,6/3/2012,18,130.32,-67.28,6.48,7.86,2139,East,Corporate,Office Supplies,Paper,0.37,6/7/2012
6182,6/3/2012,40,255.48,-116.79,6.48,6.65,2139,East,Corporate,Office Supplies,Paper,0.36,6/10/2012
6183,4/28/2012,41,1991.93,951.5,48.94,5.86,36830,South,Small Business,Office Supplies,Paper,0.35,4/29/2012
6211,10/6/2009,28,67.72,-142.669,2.16,6.05,23664,South,Corporate,Office Supplies,Binders and Binder Accessories,0.37,10/8/2009
6211,10/6/2009,3,68.64,-38.93,21.38,8.99,23664,South,Corporate,Office Supplies,Pens & Art Supplies,0.59,10/8/2009
6241,11/11/2009,29,5433.0895,1365.282,205.99,8.99,62560,Central,Small Business,Technology,Telephones and Communication,0.6,11/15/2009
6241,11/11/2009,24,133.94,45,5.84,1,62560,Central,Small Business,Office Supplies,Pens & Art Supplies,0.38,11/16/2009
6246,9/3/2009,13,52.38,11.72,3.93,0.99,84415,West,Home Office,Office Supplies,Rubber Bands,0.39,9/5/2009
6272,1/10/2010,8,358.4195,-275.055,55.99,2.5,32119,South,Corporate,Technology,Telephones and Communication,0.83,1/12/2010
6272,1/10/2010,33,497.4,37.9,14.98,8.99,32119,South,Corporate,Furniture,Office Furnishings,0.39,1/12/2010
6272,1/10/2010,48,4965.384,-175.46,124.49,51.94,32119,South,Corporate,Furniture,Tables,0.63,1/12/2010
6272,1/10/2010,31,3232.68,875.45,105.98,13.99,32119,South,Corporate,Furniture,Office Furnishings,0.65,1/12/2010
6274,5/27/2011,22,46.36,-56.73,1.74,4.08,99403,West,Home Office,Furniture,Office Furnishings,0.53,5/28/2011
6279,12/12/2009,49,3283.74,723.333,67.28,19.99,68155,Central,Consumer,Office Supplies,Binders and Binder Accessories,0.4,12/14/2009
6304,6/24/2011,30,199.11,-83.33,6.48,6.65,29001,South,Corporate,Office Supplies,Paper,0.36,6/26/2011
6309,4/22/2010,10,29.79,3.76,2.88,0.99,62999,Central,Corporate,Office Supplies,Labels,0.36,4/23/2010
6310,3/16/2009,27,216.95,-88.82,8.09,7.96,14210,East,Consumer,Furniture,Office Furnishings,0.49,3/17/2009
6311,12/24/2009,18,1297.4485,4.212,85.99,10.78,2054,East,Corporate,Technology,Telephones and Communication,0.58,12/27/2009
6336,7/11/2011,43,320.26,-84.134,7.1,6.05,29941,South,Home Office,Office Supplies,Binders and Binder Accessories,0.39,7/13/2011
6337,7/14/2011,1,449.42,-290.68,376.13,85.63,49971,Central,Corporate,Furniture,Tables,0.74,7/15/2011
6337,7/14/2011,48,3397.72,-912.08,70.71,37.58,49971,Central,Corporate,Furniture,Office Furnishings,0.78,7/16/2011
6339,10/24/2012,20,303.69,-50.84,14.98,7.69,43567,Central,Corporate,Office Supplies,Storage & Organization,0.57,10/25/2012
6368,1/5/2009,40,19100.45,6839.95,442.14,14.7,35480,South,Corporate,Technology,Office Machines,0.56,1/5/2009
6369,11/1/2009,30,14922.16,713.33,550.98,45.7,87001,West,Corporate,Furniture,Tables,0.71,11/3/2009
6373,12/6/2011,1,62.77,-36.84,60.97,4.5,21022,South,Home Office,Office Supplies,Appliances,0.56,12/7/2011
6374,6/20/2011,29,857.42,51.18,31.11,3.6,85071,West,Corporate,Technology,Computer Peripherals,0.64,6/21/2011
6374,6/20/2011,1,2.24,-1.97,1.48,0.7,85071,West,Corporate,Office Supplies,Rubber Bands,0.37,6/22/2011
6402,3/6/2011,35,373.33,-22.18,10.23,4.68,35077,South,Corporate,Office Supplies,"Scissors, Rulers and Trimmers",0.59,3/11/2011
6403,12/25/2010,41,17874.26,6247.95,419.19,19.99,21290,South,Small Business,Office Supplies,Storage & Organization,0.58,12/27/2010
6406,6/27/2009,43,92.63,-70.8,2.08,2.56,62999,Central,Home Office,Office Supplies,"Scissors, Rulers and Trimmers",0.55,6/29/2009
6432,9/23/2011,30,311.08,-38.45,10.89,4.5,99403,West,Corporate,Office Supplies,Appliances,0.59,9/25/2011
6433,10/5/2011,41,159.26,73.89,3.69,0.5,83877,West,Home Office,Office Supplies,Labels,0.38,10/6/2011
6434,4/20/2009,13,59.58,14.49,4.76,0.88,49877,Central,Corporate,Office Supplies,Paper,0.39,4/20/2009
6438,3/29/2010,7,75.72,20.29,9.77,6.02,84014,West,Corporate,Furniture,Office Furnishings,0.48,3/29/2010
6438,3/29/2010,38,225.21,-66.16,5.98,5.2,84014,West,Corporate,Office Supplies,Paper,0.36,3/30/2010
6464,4/10/2009,1,57.84,-41.77,60.97,4.5,83201,West,Consumer,Office Supplies,Appliances,0.56,4/12/2009
6464,4/10/2009,42,3991.99,-1014.11,90.98,56.2,83201,West,Consumer,Furniture,Office Furnishings,0.74,4/12/2009
6465,6/25/2011,36,240.14,57.78,6.88,2,80230,West,Small Business,Office Supplies,Paper,0.39,7/2/2011
6498,1/28/2009,38,336.85,-40.76,8.12,2.83,53006,Central,Home Office,Technology,Computer Peripherals,0.77,1/29/2009
6500,8/25/2012,20,38.29,-16.15,1.95,1.63,501,East,Home Office,Office Supplies,Pens & Art Supplies,0.46,8/26/2012
6500,8/25/2012,15,448.07,-141.02,30.42,8.65,501,East,Home Office,Technology,Computer Peripherals,0.74,8/27/2012
6501,11/26/2011,35,236.99,-95.79,6.48,6.74,78702,Central,Corporate,Office Supplies,Paper,0.37,11/28/2011
6501,11/26/2011,46,4617.336,978.354,125.99,7.69,78702,Central,Corporate,Technology,Telephones and Communication,0.58,11/28/2011
6502,7/3/2011,16,116.11,-36.46,7.64,5.83,98310,West,Home Office,Office Supplies,Paper,0.36,7/3/2011
6502,7/3/2011,30,306.92,13.46,9.99,5.12,98310,West,Home Office,Office Supplies,Paper,0.4,7/6/2011
6529,10/9/2012,35,89.71,20.71,2.62,0.8,79080,Central,Small Business,Office Supplies,Rubber Bands,0.39,10/11/2012
6531,5/30/2010,28,541.95,143.04,19.84,4.1,80001,West,Home Office,Office Supplies,Pens & Art Supplies,0.44,6/1/2010
6531,5/30/2010,42,188.23,-145.1,4.37,5.15,80001,West,Home Office,Office Supplies,Appliances,0.59,6/1/2010
6535,4/25/2012,11,312.36,-19.33,28.15,8.99,2054,East,Corporate,Office Supplies,Pens & Art Supplies,0.57,4/28/2012
6560,11/17/2010,20,169.18,-18.73,8.67,3.5,23664,South,Corporate,Office Supplies,Appliances,0.58,11/21/2010
6560,11/17/2010,37,8252.392,1853.19,280.98,35.67,23664,South,Corporate,Furniture,Tables,0.66,11/22/2010
6562,11/2/2009,12,17274.87,2028.12,1360.14,14.7,53081,Central,Consumer,Technology,Office Machines,0.59,11/4/2009
6564,12/4/2010,26,448.23,110.6,15.98,4,34771,South,Consumer,Technology,Computer Peripherals,0.37,12/4/2010
6566,4/3/2011,21,748.83,250.01,33.98,1.99,81655,West,Corporate,Technology,Computer Peripherals,0.45,4/3/2011
6592,10/14/2009,33,1621.1,-971.36,48.91,35,19895,East,Consumer,Office Supplies,Storage & Organization,0.83,10/16/2009
6592,10/14/2009,29,194.29,-177.17,6.84,8.37,19895,East,Consumer,Office Supplies,"Scissors, Rulers and Trimmers",0.58,10/21/2009
6596,6/3/2011,36,18028.07,8157.7,500.98,28.14,8823,East,Corporate,Technology,Office Machines,0.38,6/8/2011
6625,6/28/2010,23,21062.91,5713.53,880.98,44.55,60406,Central,Corporate,Furniture,Bookcases,0.62,6/30/2010
6656,3/28/2009,45,1802,508.963,39.06,10.55,7001,East,Small Business,Office Supplies,Binders and Binder Accessories,0.37,3/28/2009
6656,3/28/2009,50,1832.22,805.4345,37.7,2.99,7001,East,Small Business,Office Supplies,Binders and Binder Accessories,0.35,3/29/2009
6661,2/27/2010,47,19224.92,6635.15,449.99,49,29001,South,Small Business,Technology,Copiers and Fax,0.38,3/3/2010
6661,2/27/2010,39,778.62,247.24,19.23,6.15,29001,South,Small Business,Furniture,Office Furnishings,0.44,3/6/2010
6693,4/6/2012,16,40.85,6.46,2.62,0.8,39859,South,Corporate,Office Supplies,Rubber Bands,0.39,4/8/2012
6695,5/10/2012,49,295.24,-279.933,5.81,8.49,43002,Central,Corporate,Office Supplies,Binders and Binder Accessories,0.39,5/10/2012
6720,7/23/2010,31,164.62,-93.7135,5.18,5.74,36344,South,Home Office,Office Supplies,Binders and Binder Accessories,0.36,7/24/2010
6720,7/23/2010,8,53.89,17.63,6.3,0.5,36344,South,Home Office,Office Supplies,Labels,0.39,7/25/2010
6720,7/23/2010,36,4225.77,-1393.69,120.98,58.64,36344,South,Home Office,Furniture,Bookcases,0.75,7/26/2010
6727,7/12/2009,12,33.43,8.47,2.89,0.5,69367,Central,Consumer,Office Supplies,Labels,0.38,7/12/2009
6753,8/9/2010,7,53.14,14.57,6.64,4.95,96121,West,Small Business,Furniture,Office Furnishings,0.37,8/11/2010
6754,6/24/2011,13,2388.636,190.998,205.99,5.26,93456,West,Corporate,Technology,Telephones and Communication,0.56,6/26/2011
6755,3/14/2011,20,156.47,-39.2265,7.1,6.05,84741,West,Home Office,Office Supplies,Binders and Binder Accessories,0.39,3/16/2011
6757,12/15/2011,11,2503.008,-298.62,286.85,61.76,29684,South,Small Business,Furniture,Tables,0.78,12/16/2011
6757,12/15/2011,27,869.78,43.36,34.76,8.22,29684,South,Small Business,Office Supplies,Storage & Organization,0.57,12/17/2011
6785,3/19/2012,7,181.32,80.32,25.38,8.99,35077,South,Home Office,Furniture,Office Furnishings,0.5,3/21/2012
6788,6/17/2011,6,11.15,-2.62,1.81,0.75,31811,South,Small Business,Office Supplies,Rubber Bands,0.52,6/18/2011
6788,6/17/2011,41,127.84,12.69,2.94,0.96,31811,South,Small Business,Office Supplies,Pens & Art Supplies,0.58,6/19/2011
6791,12/15/2010,14,730.33,110.77,51.98,10.17,69367,Central,Small Business,Technology,Office Machines,0.37,12/17/2010
6823,6/3/2009,50,1262.72,490.28,24.95,2.99,80746,West,Small Business,Office Supplies,Binders and Binder Accessories,0.39,6/4/2009
6823,6/3/2009,31,524.19,-135.46,15.98,8.99,80746,West,Small Business,Technology,Computer Peripherals,0.64,6/5/2009
6848,7/27/2010,22,116.84,-125.442,5.4,7.78,43270,Central,Consumer,Office Supplies,Binders and Binder Accessories,0.37,7/28/2010
6850,12/25/2009,8,81.56,-7.23,10.01,1.99,11769,East,Corporate,Technology,Computer Peripherals,0.41,12/25/2009
6850,12/25/2009,41,2088.5,675.07,51.98,10.17,11769,East,Corporate,Technology,Office Machines,0.37,12/26/2009
6850,12/25/2009,26,3753.72,-556.25,138.75,52.42,11769,East,Corporate,Furniture,Tables,0.74,12/26/2009
6850,12/25/2009,34,2126.72,150.04,64.98,6.88,11769,East,Corporate,Office Supplies,Storage & Organization,0.73,12/27/2009
6854,11/19/2008,19,129.84,2.39,6.64,4.95,27114,South,Consumer,Furniture,Office Furnishings,0.37,11/21/2008
6854,11/19/2008,1,22.13,-2.392,7.68,6.16,27114,South,Consumer,Office Supplies,Binders and Binder Accessories,0.35,11/21/2008
6880,4/7/2009,5,235.49,21.78,47.9,5.86,77474,Central,Consumer,Office Supplies,Paper,0.37,4/9/2009
6884,11/28/2008,47,296.13,119.09,6.35,1.02,7010,East,Home Office,Office Supplies,Paper,0.39,12/3/2008
6884,11/28/2008,41,217,-61.21,4.98,4.75,7010,East,Home Office,Office Supplies,Paper,0.36,12/3/2008
6885,5/2/2012,40,879.54,166.93,23.99,6.3,21230,South,Corporate,Technology,Office Machines,0.38,5/2/2012
6885,5/2/2012,4,481.27,-181.27,113.98,30,21230,South,Corporate,Furniture,Chairs & Chairmats,0.69,5/4/2012
6886,12/2/2011,46,8177.07,2385.3,178.47,19.99,93456,West,Consumer,Office Supplies,Storage & Organization,0.55,12/3/2011
6912,10/23/2011,14,294.52,15.34,21.78,5.94,80230,West,Small Business,Office Supplies,Appliances,0.5,10/25/2011
6916,4/17/2010,40,436.17,-141.27,10.9,7.46,19701,East,Consumer,Office Supplies,Storage & Organization,0.59,4/21/2010
6918,5/14/2011,38,1559.5,515.83,39.48,1.99,84121,West,Consumer,Technology,Computer Peripherals,0.54,5/16/2011
6947,6/1/2011,9,520.49,-51.01,51.65,18.45,78602,Central,Small Business,Furniture,Office Furnishings,0.65,6/3/2011
6948,10/22/2010,15,1143.88,-88.7,73.98,4,98601,West,Corporate,Technology,Computer Peripherals,0.79,10/23/2010
6950,2/7/2012,4,187.3995,-225.302,55.99,3.3,39859,South,Home Office,Technology,Telephones and Communication,0.59,2/9/2012
6978,10/22/2010,47,371.95,-87.4,8.12,2.83,60001,Central,Home Office,Technology,Computer Peripherals,0.77,10/23/2010
6979,1/10/2009,28,334.89,-1.65,11.99,5.99,73301,Central,Home Office,Technology,Office Machines,0.36,1/11/2009
6980,1/1/2010,18,136.29,-77.28,7.3,7.72,7981,East,Consumer,Office Supplies,Binders and Binder Accessories,0.38,1/2/2010
6982,9/29/2011,32,1311.25,407.44,39.48,1.99,19701,East,Corporate,Technology,Computer Peripherals,0.54,10/1/2011
6982,9/29/2011,5,544.41,-338.27,100.98,57.38,19701,East,Corporate,Furniture,Bookcases,0.78,10/1/2011
6982,9/29/2011,41,844.09,52.56,19.98,10.49,19701,East,Corporate,Furniture,Office Furnishings,0.49,10/1/2011
7015,8/25/2010,42,7143.927,2374.731,195.99,4.2,2139,East,Home Office,Technology,Telephones and Communication,0.56,8/26/2010
7015,8/25/2010,47,1880.8,775.88,40.98,1.99,2139,East,Home Office,Technology,Computer Peripherals,0.44,8/27/2010
7042,11/21/2011,4,1187.864,-347.16,376.13,85.63,34997,South,Home Office,Furniture,Tables,0.74,11/23/2011
7043,12/8/2008,4,11.08,-8.93,1.74,4.08,39901,South,Corporate,Furniture,Office Furnishings,0.53,12/9/2008
7072,12/18/2011,29,258.61,-15.962,8.85,5.6,98625,West,Corporate,Office Supplies,Binders and Binder Accessories,0.36,12/18/2011
7075,8/23/2011,15,241.89,-83.3,15.42,10.68,93456,West,Corporate,Office Supplies,Storage & Organization,0.58,8/25/2011
7075,8/23/2011,43,83.34,-93.18,1.86,2.58,93456,West,Corporate,Office Supplies,Rubber Bands,0.82,8/27/2011
7077,11/3/2011,14,304.52,25.34,21.78,5.94,83201,West,Consumer,Office Supplies,Appliances,0.5,11/5/2011
7078,2/22/2010,11,49.58,-47.0235,3.36,6.27,36350,South,Corporate,Office Supplies,Binders and Binder Accessories,0.4,2/23/2010
7078,2/22/2010,29,465.52,65.35,14.98,8.99,36350,South,Corporate,Furniture,Office Furnishings,0.39,2/23/2010
7078,2/22/2010,9,112.12,-8.45,11.33,6.12,36350,South,Corporate,Office Supplies,Appliances,0.42,2/24/2010
7078,2/22/2010,16,1939.65,-885.73,122.99,70.2,36350,South,Corporate,Furniture,Chairs & Chairmats,0.74,2/24/2010
7079,12/22/2009,44,12296.49,-416.7,280.98,57,44197,Central,Small Business,Furniture,Chairs & Chairmats,0.78,12/23/2009
7079,12/22/2009,18,128.13,-34.91,6.48,5.94,44197,Central,Small Business,Office Supplies,Paper,0.37,12/24/2009
7105,5/4/2010,17,77.19,-81.35,4.06,6.89,35751,South,Corporate,Office Supplies,Appliances,0.6,5/11/2010
7106,3/23/2012,8,118.98,-12.765,14.27,7.27,2139,East,Home Office,Office Supplies,Binders and Binder Accessories,0.38,3/25/2012
7106,3/23/2012,31,4910.09,1669.38,159.99,5.5,2139,East,Home Office,Technology,Computer Peripherals,0.49,3/25/2012
7106,3/23/2012,36,1058.45,-386.02,27.75,19.99,2139,East,Home Office,Office Supplies,Storage & Organization,0.67,3/25/2012
7107,11/17/2011,3,172.04,143.08,54.2,11.1,27801,South,Corporate,Furniture,Office Furnishings,0.64,11/17/2011
7107,11/17/2011,32,1724.82,407.8,55.29,5.08,27801,South,Corporate,Office Supplies,Storage & Organization,0.59,11/18/2011
7107,11/17/2011,3,113.14,-21.23,37.94,5.08,27801,South,Corporate,Office Supplies,Paper,0.38,11/19/2011
7110,6/20/2011,22,6396.2,1902.24,276.2,24.49,2139,East,Corporate,Furniture,Chairs & Chairmats,0.56,6/24/2011
7136,2/2/2009,17,642.9,88.72,39.48,1.99,49642,Central,Home Office,Technology,Computer Peripherals,0.54,2/4/2009
7136,2/2/2009,9,47.28,17.05,4.91,0.5,49642,Central,Home Office,Office Supplies,Labels,0.36,2/4/2009
7142,6/3/2011,36,132.86,57,3.69,0.5,83877,West,Corporate,Office Supplies,Labels,0.38,6/5/2011
7169,2/6/2010,30,1580.6005,303.525,65.99,2.79,5544,East,Corporate,Technology,Telephones and Communication,0.56,2/8/2010
7169,2/6/2010,22,446.72,-39,20.28,14.39,5544,East,Corporate,Furniture,Office Furnishings,0.47,2/8/2010
7171,12/27/2010,28,1703.8505,316.062,65.99,8.99,88595,Central,Consumer,Technology,Telephones and Communication,0.58,12/29/2010
7171,12/27/2010,17,303.1865,92.592,20.99,0.99,88595,Central,Consumer,Technology,Telephones and Communication,0.37,12/29/2010
7174,1/22/2012,10,141.92,12.2,13.73,8.99,96121,West,Consumer,Furniture,Office Furnishings,0.49,1/24/2012
7175,12/21/2009,10,748.25,-86.99,70.98,26.74,81653,West,Corporate,Furniture,Bookcases,0.6,12/23/2009
7203,11/21/2008,25,21752.01,9296.348,896.99,19.99,10457,East,Corporate,Office Supplies,Binders and Binder Accessories,0.38,11/23/2008
7239,5/12/2011,50,6206.16,1416.27,120.33,19.99,83201,West,Small Business,Office Supplies,Storage & Organization,0.59,5/14/2011
7267,7/11/2012,19,262.32,5.1595,14.48,6.46,14709,East,Consumer,Office Supplies,Binders and Binder Accessories,0.38,7/11/2012
,,,,,,,,,,,,,
,,,,,,,,,,,,,
,,,,,,,,,,,,,
,,,,,,,,,,,,,
,,,,,,,,,,,,,
,,,,,,,,,,,,,
,,,,,,,,,,,,,
,,,,,,,,,,,,,
,,,,,,,,,,,,,
,,,,,,,,,,,,,
,,,,,,,,,,,,,
,,,,,,,,,,,,,
,,,,,,,,,,,,,
,,,,,,,,,,,,,
,,,,,,,,,,,,,
,,,,,,,,,,,,,
,,,,,,,,,,,,,
,,,,,,,,,,,,,
,,,,,,,,,,,,,
,,,,,,,,,,,,,
,,,,,,,,,,,,,
,,,,,,,,,,,,,
,,,,,,,,,,,,,
,,,,,,,,,,,,,
,,,,,,,,,,,,,
,,,,,,,,,,,,,
,,,,,,,,,,,,,
,,,,,,,,,,,,,
,,,,,,,,,,,,,
,,,,,,,,,,,,,
,,,,,,,,,,,,,
,,,,,,,,,,,,,
,,,,,,,,,,,,,
,,,,,,,,,,,,,
,,,,,,,,,,,,,
,,,,,,,,,,,,,
,,,,,,,,,,,,,
,,,,,,,,,,,,,
,,,,,,,,,,,,,
,,,,,,,,,,,,,
,,,,,,,,,,,,,
,,,,,,,,,,,,,
,,,,,,,,,,,,,
,,,,,,,,,,,,,
,,,,,,,,,,,,,
,,,,,,,,,,,,,
,,,,,,,,,,,,,
,,,,,,,,,,,,,
,,,,,,,,,,,,,
,,,,,,,,,,,,,
,,,,,,,,,,,,,
,,,,,,,,,,,,,
,,,,,,,,,,,,,
,,,,,,,,,,,,,
,,,,,,,,,,,,,
,,,,,,,,,,,,,
,,,,,,,,,,,,,
,,,,,,,,,,,,,
,,,,,,,,,,,,,
,,,,,,,,,,,,,
,,,,,,,,,,,,,
,,,,,,,,,,,,,
,,,,,,,,,,,,,
,,,,,,,,,,,,,
,,,,,,,,,,,,,
,,,,,,,,,,,,,
,,,,,,,,,,,,,
,,,,,,,,,,,,,
,,,,,,,,,,,,,
,,,,,,,,,,,,,
,,,,,,,,,,,,,
,,,,,,,,,,,,,
,,,,,,,,,,,,,
,,,,,,,,,,,,,
,,,,,,,,,,,,,
,,,,,,,,,,,,,
,,,,,,,,,,,,,
,,,,,,,,,,,,,
,,,,,,,,,,,,,
,,,,,,,,,,,,,
,,,,,,,,,,,,,
,,,,,,,,,,,,,
,,,,,,,,,,,,,
,,,,,,,,,,,,,
,,,,,,,,,,,,,
,,,,,,,,,,,,,
,,,,,,,,,,,,,
,,,,,,,,,,,,,
,,,,,,,,,,,,,
,,,,,,,,,,,,,
,,,,,,,,,,,,,
,,,,,,,,,,,,,
,,,,,,,,,,,,,
,,,,,,,,,,,,,
,,,,,,,,,,,,,
,,,,,,,,,,,,,
,,,,,,,,,,,,,
,,,,,,,,,,,,,
,,,,,,,,,,,,,
,,,,,,,,,,,,,
,,,,,,,,,,,,,
,,,,,,,,,,,,,
,,,,,,,,,,,,,
,,,,,,,,,,,,,
,,,,,,,,,,,,,
,,,,,,,,,,,,,
,,,,,,,,,,,,,
,,,,,,,,,,,,,
,,,,,,,,,,,,,
,,,,,,,,,,,,,
,,,,,,,,,,,,,
,,,,,,,,,,,,,
,,,,,,,,,,,,,
,,,,,,,,,,,,,
,,,,,,,,,,,,,
,,,,,,,,,,,,,
,,,,,,,,,,,,,
,,,,,,,,,,,,,
,,,,,,,,,,,,,
,,,,,,,,,,,,,
,,,,,,,,,,,,,
,,,,,,,,,,,,,
,,,,,,,,,,,,,
,,,,,,,,,,,,,
,,,,,,,,,,,,,
,,,,,,,,,,,,,
,,,,,,,,,,,,,
,,,,,,,,,,,,,
,,,,,,,,,,,,,
,,,,,,,,,,,,,
,,,,,,,,,,,,,
,,,,,,,,,,,,,
,,,,,,,,,,,,,
,,,,,,,,,,,,,
,,,,,,,,,,,,,
,,,,,,,,,,,,,
,,,,,,,,,,,,,
,,,,,,,,,,,,,
,,,,,,,,,,,,,
,,,,,,,,,,,,,
,,,,,,,,,,,,,
,,,,,,,,,,,,,
,,,,,,,,,,,,,
,,,,,,,,,,,,,
,,,,,,,,,,,,,
,,,,,,,,,,,,,
,,,,,,,,,,,,,
,,,,,,,,,,,,,
,,,,,,,,,,,,,
,,,,,,,,,,,,,
,,,,,,,,,,,,,
,,,,,,,,,,,,,
,,,,,,,,,,,,,
,,,,,,,,,,,,,
,,,,,,,,,,,,,
,,,,,,,,,,,,,
,,,,,,,,,,,,,
,,,,,,,,,,,,,
,,,,,,,,,,,,,
,,,,,,,,,,,,,
,,,,,,,,,,,,,
,,,,,,,,,,,,,
,,,,,,,,,,,,,
,,,,,,,,,,,,,
,,,,,,,,,,,,,
,,,,,,,,,,,,,
,,,,,,,,,,,,,
,,,,,,,,,,,,,
,,,,,,,,,,,,,
,,,,,,,,,,,,,
,,,,,,,,,,,,,
,,,,,,,,,,,,,
,,,,,,,,,,,,,
,,,,,,,,,,,,,
,,,,,,,,,,,,,
,,,,,,,,,,,,,
,,,,,,,,,,,,,
,,,,,,,,,,,,,
,,,,,,,,,,,,,
,,,,,,,,,,,,,
,,,,,,,,,,,,,
,,,,,,,,,,,,,
,,,,,,,,,,,,,
,,,,,,,,,,,,,
,,,,,,,,,,,,,
,,,,,,,,,,,,,
,,,,,,,,,,,,,
,,,,,,,,,,,,,
,,,,,,,,,,,,,
,,,,,,,,,,,,,
,,,,,,,,,,,,,
,,,,,,,,,,,,,
,,,,,,,,,,,,,
,,,,,,,,,,,,,
,,,,,,,,,,,,,
,,,,,,,,,,,,,
,,,,,,,,,,,,,
,,,,,,,,,,,,,
,,,,,,,,,,,,,
,,,,,,,,,,,,,
,,,,,,,,,,,,,
,,,,,,,,,,,,,
,,,,,,,,,,,,,
,,,,,,,,,,,,,
,,,,,,,,,,,,,
,,,,,,,,,,,,,
,,,,,,,,,,,,,
,,,,,,,,,,,,,
,,,,,,,,,,,,,
,,,,,,,,,,,,,
,,,,,,,,,,,,,
,,,,,,,,,,,,,
,,,,,,,,,,,,,
,,,,,,,,,,,,,
,,,,,,,,,,,,,
,,,,,,,,,,,,,
,,,,,,,,,,,,,
,,,,,,,,,,,,,
,,,,,,,,,,,,,
,,,,,,,,,,,,,
,,,,,,,,,,,,,
,,,,,,,,,,,,,
,,,,,,,,,,,,,
,,,,,,,,,,,,,
,,,,,,,,,,,,,
,,,,,,,,,,,,,
,,,,,,,,,,,,,
,,,,,,,,,,,,,
,,,,,,,,,,,,,
,,,,,,,,,,,,,
,,,,,,,,,,,,,
,,,,,,,,,,,,,
,,,,,,,,,,,,,
,,,,,,,,,,,,,
,,,,,,,,,,,,,
,,,,,,,,,,,,,
,,,,,,,,,,,,,
,,,,,,,,,,,,,
,,,,,,,,,,,,,
,,,,,,,,,,,,,
,,,,,,,,,,,,,
,,,,,,,,,,,,,
,,,,,,,,,,,,,
,,,,,,,,,,,,,
,,,,,,,,,,,,,
,,,,,,,,,,,,,
,,,,,,,,,,,,,
,,,,,,,,,,,,,
,,,,,,,,,,,,,
,,,,,,,,,,,,,
,,,,,,,,,,,,,
,,,,,,,,,,,,,
,,,,,,,,,,,,,
,,,,,,,,,,,,,
,,,,,,,,,,,,,
,,,,,,,,,,,,,
,,,,,,,,,,,,,
,,,,,,,,,,,,,
,,,,,,,,,,,,,
,,,,,,,,,,,,,
,,,,,,,,,,,,,
,,,,,,,,,,,,,
,,,,,,,,,,,,,
,,,,,,,,,,,,,
,,,,,,,,,,,,,
,,,,,,,,,,,,,
,,,,,,,,,,,,,
,,,,,,,,,,,,,
,,,,,,,,,,,,,
,,,,,,,,,,,,,
,,,,,,,,,,,,,
,,,,,,,,,,,,,
,,,,,,,,,,,,,
,,,,,,,,,,,,,
,,,,,,,,,,,,,
,,,,,,,,,,,,,
,,,,,,,,,,,,,
,,,,,,,,,,,,,
,,,,,,,,,,,,,
,,,,,,,,,,,,,
,,,,,,,,,,,,,
,,,,,,,,,,,,,
,,,,,,,,,,,,,
,,,,,,,,,,,,,
,,,,,,,,,,,,,
,,,,,,,,,,,,,
,,,,,,,,,,,,,
,,,,,,,,,,,,,
,,,,,,,,,,,,,
,,,,,,,,,,,,,
,,,,,,,,,,,,,
,,,,,,,,,,,,,
,,,,,,,,,,,,,
,,,,,,,,,,,,,
,,,,,,,,,,,,,
,,,,,,,,,,,,,
,,,,,,,,,,,,,
,,,,,,,,,,,,,
,,,,,,,,,,,,,
,,,,,,,,,,,,,
,,,,,,,,,,,,,
,,,,,,,,,,,,,
,,,,,,,,,,,,,
,,,,,,,,,,,,,
,,,,,,,,,,,,,
,,,,,,,,,,,,,
,,,,,,,,,,,,,
,,,,,,,,,,,,,
,,,,,,,,,,,,,
,,,,,,,,,,,,,
,,,,,,,,,,,,,
,,,,,,,,,,,,,
,,,,,,,,,,,,,
,,,,,,,,,,,,,
,,,,,,,,,,,,,
,,,,,,,,,,,,,
,,,,,,,,,,,,,
,,,,,,,,,,,,,
,,,,,,,,,,,,,
,,,,,,,,,,,,,
,,,,,,,,,,,,,
,,,,,,,,,,,,,
,,,,,,,,,,,,,
,,,,,,,,,,,,,
,,,,,,,,,,,,,
,,,,,,,,,,,,,
,,,,,,,,,,,,,
,,,,,,,,,,,,,
,,,,,,,,,,,,,
,,,,,,,,,,,,,
,,,,,,,,,,,,,
,,,,,,,,,,,,,
,,,,,,,,,,,,,
,,,,,,,,,,,,,
,,,,,,,,,,,,,
,,,,,,,,,,,,,
,,,,,,,,,,,,,
,,,,,,,,,,,,,
,,,,,,,,,,,,,
,,,,,,,,,,,,,
,,,,,,,,,,,,,
,,,,,,,,,,,,,
,,,,,,,,,,,,,
,,,,,,,,,,,,,
,,,,,,,,,,,,,
,,,,,,,,,,,,,
,,,,,,,,,,,,,
,,,,,,,,,,,,,
,,,,,,,,,,,,,
,,,,,,,,,,,,,
,,,,,,,,,,,,,
,,,,,,,,,,,,,
,,,,,,,,,,,,,
,,,,,,,,,,,,,
,,,,,,,,,,,,,
,,,,,,,,,,,,,
,,,,,,,,,,,,,
,,,,,,,,,,,,,
,,,,,,,,,,,,,
,,,,,,,,,,,,,
,,,,,,,,,,,,,
,,,,,,,,,,,,,
,,,,,,,,,,,,,
,,,,,,,,,,,,,
,,,,,,,,,,,,,
,,,,,,,,,,,,,
,,,,,,,,,,,,,
,,,,,,,,,,,,,
,,,,,,,,,,,,,
,,,,,,,,,,,,,
,,,,,,,,,,,,,
,,,,,,,,,,,,,
,,,,,,,,,,,,,
,,,,,,,,,,,,,
,,,,,,,,,,,,,
,,,,,,,,,,,,,
,,,,,,,,,,,,,
,,,,,,,,,,,,,
,,,,,,,,,,,,,
,,,,,,,,,,,,,
,,,,,,,,,,,,,
,,,,,,,,,,,,,
,,,,,,,,,,,,,
,,,,,,,,,,,,,
,,,,,,,,,,,,,
,,,,,,,,,,,,,
,,,,,,,,,,,,,
,,,,,,,,,,,,,
,,,,,,,,,,,,,
,,,,,,,,,,,,,
,,,,,,,,,,,,,
,,,,,,,,,,,,,
,,,,,,,,,,,,,
,,,,,,,,,,,,,
,,,,,,,,,,,,,
,,,,,,,,,,,,,
,,,,,,,,,,,,,
,,,,,,,,,,,,,
,,,,,,,,,,,,,
,,,,,,,,,,,,,
,,,,,,,,,,,,,
,,,,,,,,,,,,,
,,,,,,,,,,,,,
,,,,,,,,,,,,,
,,,,,,,,,,,,,
,,,,,,,,,,,,,
,,,,,,,,,,,,,
,,,,,,,,,,,,,
,,,,,,,,,,,,,
,,,,,,,,,,,,,
,,,,,,,,,,,,,
,,,,,,,,,,,,,
,,,,,,,,,,,,,
,,,,,,,,,,,,,
,,,,,,,,,,,,,
,,,,,,,,,,,,,
,,,,,,,,,,,,,
,,,,,,,,,,,,,
,,,,,,,,,,,,,
,,,,,,,,,,,,,
,,,,,,,,,,,,,
,,,,,,,,,,,,,
,,,,,,,,,,,,,
,,,,,,,,,,,,,
,,,,,,,,,,,,,
,,,,,,,,,,,,,
,,,,,,,,,,,,,
,,,,,,,,,,,,,
,,,,,,,,,,,,,
,,,,,,,,,,,,,
,,,,,,,,,,,,,
,,,,,,,,,,,,,
,,,,,,,,,,,,,
,,,,,,,,,,,,,
,,,,,,,,,,,,,
,,,,,,,,,,,,,
,,,,,,,,,,,,,
,,,,,,,,,,,,,
,,,,,,,,,,,,,
,,,,,,,,,,,,,
,,,,,,,,,,,,,
,,,,,,,,,,,,,
,,,,,,,,,,,,,
,,,,,,,,,,,,,
,,,,,,,,,,,,,
,,,,,,,,,,,,,
,,,,,,,,,,,,,
,,,,,,,,,,,,,
,,,,,,,,,,,,,
,,,,,,,,,,,,,
,,,,,,,,,,,,,
,,,,,,,,,,,,,
,,,,,,,,,,,,,
,,,,,,,,,,,,,
,,,,,,,,,,,,,
,,,,,,,,,,,,,
,,,,,,,,,,,,,
,,,,,,,,,,,,,
,,,,,,,,,,,,,
,,,,,,,,,,,,,
,,,,,,,,,,,,,
,,,,,,,,,,,,,
,,,,,,,,,,,,,
,,,,,,,,,,,,,
,,,,,,,,,,,,,
,,,,,,,,,,,,,
,,,,,,,,,,,,,
,,,,,,,,,,,,,
,,,,,,,,,,,,,
,,,,,,,,,,,,,
,,,,,,,,,,,,,
,,,,,,,,,,,,,
,,,,,,,,,,,,,
,,,,,,,,,,,,,
,,,,,,,,,,,,,
,,,,,,,,,,,,,
,,,,,,,,,,,,,
,,,,,,,,,,,,,
,,,,,,,,,,,,,
,,,,,,,,,,,,,
,,,,,,,,,,,,,
,,,,,,,,,,,,,
,,,,,,,,,,,,,
,,,,,,,,,,,,,
,,,,,,,,,,,,,
,,,,,,,,,,,,,
,,,,,,,,,,,,,
,,,,,,,,,,,,,
,,,,,,,,,,,,,
,,,,,,,,,,,,,
,,,,,,,,,,,,,
,,,,,,,,,,,,,
,,,,,,,,,,,,,
,,,,,,,,,,,,,
,,,,,,,,,,,,,
,,,,,,,,,,,,,
,,,,,,,,,,,,,
,,,,,,,,,,,,,
,,,,,,,,,,,,,
,,,,,,,,,,,,,
,,,,,,,,,,,,,
,,,,,,,,,,,,,
,,,,,,,,,,,,,
,,,,,,,,,,,,,
,,,,,,,,,,,,,
,,,,,,,,,,,,,
,,,,,,,,,,,,,
,,,,,,,,,,,,,
,,,,,,,,,,,,,
,,,,,,,,,,,,,
,,,,,,,,,,,,,
,,,,,,,,,,,,,
,,,,,,,,,,,,,
,,,,,,,,,,,,,
,,,,,,,,,,,,,
,,,,,,,,,,,,,
,,,,,,,,,,,,,
,,,,,,,,,,,,,
,,,,,,,,,,,,,
,,,,,,,,,,,,,
,,,,,,,,,,,,,
,,,,,,,,,,,,,
,,,,,,,,,,,,,
,,,,,,,,,,,,,
,,,,,,,,,,,,,
,,,,,,,,,,,,,
,,,,,,,,,,,,,
,,,,,,,,,,,,,
,,,,,,,,,,,,,
,,,,,,,,,,,,,
,,,,,,,,,,,,,
,,,,,,,,,,,,,
,,,,,,,,,,,,,
,,,,,,,,,,,,,
,,,,,,,,,,,,,
,,,,,,,,,,,,,
,,,,,,,,,,,,,
,,,,,,,,,,,,,
,,,,,,,,,,,,,
,,,,,,,,,,,,,
,,,,,,,,,,,,,
,,,,,,,,,,,,,
,,,,,,,,,,,,,
,,,,,,,,,,,,,
,,,,,,,,,,,,,
,,,,,,,,,,,,,
,,,,,,,,,,,,,
,,,,,,,,,,,,,
,,,,,,,,,,,,,
,,,,,,,,,,,,,
,,,,,,,,,,,,,
,,,,,,,,,,,,,
,,,,,,,,,,,,,
,,,,,,,,,,,,,
,,,,,,,,,,,,,
,,,,,,,,,,,,,
,,,,,,,,,,,,,
,,,,,,,,,,,,,
,,,,,,,,,,,,,
,,,,,,,,,,,,,
,,,,,,,,,,,,,
,,,,,,,,,,,,,
,,,,,,,,,,,,,
,,,,,,,,,,,,,
,,,,,,,,,,,,,
,,,,,,,,,,,,,
,,,,,,,,,,,,,
,,,,,,,,,,,,,
,,,,,,,,,,,,,
,,,,,,,,,,,,,
,,,,,,,,,,,,,
,,,,,,,,,,,,,
,,,,,,,,,,,,,
,,,,,,,,,,,,,
,,,,,,,,,,,,,
,,,,,,,,,,,,,
,,,,,,,,,,,,,
,,,,,,,,,,,,,
,,,,,,,,,,,,,
,,,,,,,,,,,,,
,,,,,,,,,,,,,
,,,,,,,,,,,,,
,,,,,,,,,,,,,
,,,,,,,,,,,,,
,,,,,,,,,,,,,
,,,,,,,,,,,,,
,,,,,,,,,,,,,
,,,,,,,,,,,,,
,,,,,,,,,,,,,
,,,,,,,,,,,,,
,,,,,,,,,,,,,
,,,,,,,,,,,,,
,,,,,,,,,,,,,
,,,,,,,,,,,,,
,,,,,,,,,,,,,
,,,,,,,,,,,,,
,,,,,,,,,,,,,
,,,,,,,,,,,,,
,,,,,,,,,,,,,
,,,,,,,,,,,,,
,,,,,,,,,,,,,
,,,,,,,,,,,,,
,,,,,,,,,,,,,
,,,,,,,,,,,,,
,,,,,,,,,,,,,
,,,,,,,,,,,,,
,,,,,,,,,,,,,
,,,,,,,,,,,,,
,,,,,,,,,,,,,
,,,,,,,,,,,,,
,,,,,,,,,,,,,
,,,,,,,,,,,,,
,,,,,,,,,,,,,
,,,,,,,,,,,,,
,,,,,,,,,,,,,
,,,,,,,,,,,,,
,,,,,,,,,,,,,
,,,,,,,,,,,,,
,,,,,,,,,,,,,
,,,,,,,,,,,,,
,,,,,,,,,,,,,
,,,,,,,,,,,,,
,,,,,,,,,,,,,
,,,,,,,,,,,,,
,,,,,,,,,,,,,
,,,,,,,,,,,,,
,,,,,,,,,,,,,
,,,,,,,,,,,,,
,,,,,,,,,,,,,
,,,,,,,,,,,,,
,,,,,,,,,,,,,
,,,,,,,,,,,,,
,,,,,,,,,,,,,
,,,,,,,,,,,,,
,,,,,,,,,,,,,
,,,,,,,,,,,,,
,,,,,,,,,,,,,
,,,,,,,,,,,,,
,,,,,,,,,,,,,
,,,,,,,,,,,,,
,,,,,,,,,,,,,
,,,,,,,,,,,,,
,,,,,,,,,,,,,
,,,,,,,,,,,,,
,,,,,,,,,,,,,
,,,,,,,,,,,,,
,,,,,,,,,,,,,
,,,,,,,,,,,,,
,,,,,,,,,,,,,
,,,,,,,,,,,,,
,,,,,,,,,,,,,
,,,,,,,,,,,,,
,,,,,,,,,,,,,
,,,,,,,,,,,,,
,,,,,,,,,,,,,
,,,,,,,,,,,,,
,,,,,,,,,,,,,
,,,,,,,,,,,,,
,,,,,,,,,,,,,
,,,,,,,,,,,,,
,,,,,,,,,,,,,
,,,,,,,,,,,,,
,,,,,,,,,,,,,
,,,,,,,,,,,,,
,,,,,,,,,,,,,
,,,,,,,,,,,,,
,,,,,,,,,,,,,
,,,,,,,,,,,,,
,,,,,,,,,,,,,
,,,,,,,,,,,,,
,,,,,,,,,,,,,
,,,,,,,,,,,,,
,,,,,,,,,,,,,
,,,,,,,,,,,,,
,,,,,,,,,,,,,
,,,,,,,,,,,,,
,,,,,,,,,,,,,
,,,,,,,,,,,,,
,,,,,,,,,,,,,
,,,,,,,,,,,,,
,,,,,,,,,,,,,
,,,,,,,,,,,,,
,,,,,,,,,,,,,
,,,,,,,,,,,,,
,,,,,,,,,,,,,
,,,,,,,,,,,,,
,,,,,,,,,,,,,
,,,,,,,,,,,,,
,,,,,,,,,,,,,
,,,,,,,,,,,,,
,,,,,,,,,,,,,
,,,,,,,,,,,,,
,,,,,,,,,,,,,
,,,,,,,,,,,,,
,,,,,,,,,,,,,
,,,,,,,,,,,,,
,,,,,,,,,,,,,
,,,,,,,,,,,,,
,,,,,,,,,,,,,
,,,,,,,,,,,,,
,,,,,,,,,,,,,
,,,,,,,,,,,,,
,,,,,,,,,,,,,
,,,,,,,,,,,,,
,,,,,,,,,,,,,
,,,,,,,,,,,,,
,,,,,,,,,,,,,
,,,,,,,,,,,,,
,,,,,,,,,,,,,
,,,,,,,,,,,,,
,,,,,,,,,,,,,
,,,,,,,,,,,,,
,,,,,,,,,,,,,
,,,,,,,,,,,,,
,,,,,,,,,,,,,
,,,,,,,,,,,,,
,,,,,,,,,,,,,
,,,,,,,,,,,,,
,,,,,,,,,,,,,
,,,,,,,,,,,,,
,,,,,,,,,,,,,
,,,,,,,,,,,,,
,,,,,,,,,,,,,
,,,,,,,,,,,,,
,,,,,,,,,,,,,
,,,,,,,,,,,,,
,,,,,,,,,,,,,
,,,,,,,,,,,,,
,,,,,,,,,,,,,
,,,,,,,,,,,,,
,,,,,,,,,,,,,
,,,,,,,,,,,,,
,,,,,,,,,,,,,
,,,,,,,,,,,,,
,,,,,,,,,,,,,
,,,,,,,,,,,,,
,,,,,,,,,,,,,
,,,,,,,,,,,,,
,,,,,,,,,,,,,
,,,,,,,,,,,,,
,,,,,,,,,,,,,
,,,,,,,,,,,,,
,,,,,,,,,,,,,
,,,,,,,,,,,,,
,,,,,,,,,,,,,
,,,,,,,,,,,,,
,,,,,,,,,,,,,
,,,,,,,,,,,,,
,,,,,,,,,,,,,
,,,,,,,,,,,,,
,,,,,,,,,,,,,
,,,,,,,,,,,,,
,,,,,,,,,,,,,
,,,,,,,,,,,,,
,,,,,,,,,,,,,
,,,,,,,,,,,,,
,,,,,,,,,,,,,
,,,,,,,,,,,,,
,,,,,,,,,,,,,
,,,,,,,,,,,,,
,,,,,,,,,,,,,
,,,,,,,,,,,,,
,,,,,,,,,,,,,
,,,,,,,,,,,,,
,,,,,,,,,,,,,
,,,,,,,,,,,,,
,,,,,,,,,,,,,
,,,,,,,,,,,,,
,,,,,,,,,,,,,
,,,,,,,,,,,,,
,,,,,,,,,,,,,
,,,,,,,,,,,,,
,,,,,,,,,,,,,
,,,,,,,,,,,,,
,,,,,,,,,,,,,
,,,,,,,,,,,,,
,,,,,,,,,,,,,
,,,,,,,,,,,,,
,,,,,,,,,,,,,
,,,,,,,,,,,,,
,,,,,,,,,,,,,
,,,,,,,,,,,,,
,,,,,,,,,,,,,
,,,,,,,,,,,,,
,,,,,,,,,,,,,
,,,,,,,,,,,,,
,,,,,,,,,,,,,
,,,,,,,,,,,,,
,,,,,,,,,,,,,
,,,,,,,,,,,,,
,,,,,,,,,,,,,
,,,,,,,,,,,,,
,,,,,,,,,,,,,
,,,,,,,,,,,,,
,,,,,,,,,,,,,
,,,,,,,,,,,,,
,,,,,,,,,,,,,
,,,,,,,,,,,,,
,,,,,,,,,,,,,
,,,,,,,,,,,,,
,,,,,,,,,,,,,
,,,,,,,,,,,,,
,,,,,,,,,,,,,
,,,,,,,,,,,,,
,,,,,,,,,,,,,
,,,,,,,,,,,,,
,,,,,,,,,,,,,
,,,,,,,,,,,,,
,,,,,,,,,,,,,
,,,,,,,,,,,,,
,,,,,,,,,,,,,
,,,,,,,,,,,,,
,,,,,,,,,,,,,
,,,,,,,,,,,,,
,,,,,,,,,,,,,
,,,,,,,,,,,,,
,,,,,,,,,,,,,
,,,,,,,,,,,,,
,,,,,,,,,,,,,
,,,,,,,,,,,,,
,,,,,,,,,,,,,
,,,,,,,,,,,,,
,,,,,,,,,,,,,
,,,,,,,,,,,,,
,,,,,,,,,,,,,
,,,,,,,,,,,,,
,,,,,,,,,,,,,
,,,,,,,,,,,,,
,,,,,,,,,,,,,
,,,,,,,,,,,,,
,,,,,,,,,,,,,
,,,,,,,,,,,,,
,,,,,,,,,,,,,
,,,,,,,,,,,,,
,,,,,,,,,,,,,
,,,,,,,,,,,,,
,,,,,,,,,,,,,
,,,,,,,,,,,,,
,,,,,,,,,,,,,
,,,,,,,,,,,,,
,,,,,,,,,,,,,
,,,,,,,,,,,,,
,,,,,,,,,,,,,
,,,,,,,,,,,,,
,,,,,,,,,,,,,
,,,,,,,,,,,,,
,,,,,,,,,,,,,
,,,,,,,,,,,,,
,,,,,,,,,,,,,
,,,,,,,,,,,,,
,,,,,,,,,,,,,
,,,,,,,,,,,,,
,,,,,,,,,,,,,
,,,,,,,,,,,,,
,,,,,,,,,,,,,
,,,,,,,,,,,,,
,,,,,,,,,,,,,
,,,,,,,,,,,,,
,,,,,,,,,,,,,
,,,,,,,,,,,,,
,,,,,,,,,,,,,
,,,,,,,,,,,,,
,,,,,,,,,,,,,
,,,,,,,,,,,,,
,,,,,,,,,,,,,
,,,,,,,,,,,,,
,,,,,,,,,,,,,
,,,,,,,,,,,,,
,,,,,,,,,,,,,
,,,,,,,,,,,,,
,,,,,,,,,,,,,
,,,,,,,,,,,,,
,,,,,,,,,,,,,
,,,,,,,,,,,,,
,,,,,,,,,,,,,
,,,,,,,,,,,,,
,,,,,,,,,,,,,
,,,,,,,,,,,,,
,,,,,,,,,,,,,
,,,,,,,,,,,,,
,,,,,,,,,,,,,
,,,,,,,,,,,,,
,,,,,,,,,,,,,
,,,,,,,,,,,,,
,,,,,,,,,,,,,
,,,,,,,,,,,,,
,,,,,,,,,,,,,
,,,,,,,,,,,,,
,,,,,,,,,,,,,
,,,,,,,,,,,,,
,,,,,,,,,,,,,
,,,,,,,,,,,,,
,,,,,,,,,,,,,
,,,,,,,,,,,,,
,,,,,,,,,,,,,
,,,,,,,,,,,,,
,,,,,,,,,,,,,
,,,,,,,,,,,,,
,,,,,,,,,,,,,
,,,,,,,,,,,,,
,,,,,,,,,,,,,
,,,,,,,,,,,,,
,,,,,,,,,,,,,
,,,,,,,,,,,,,
,,,,,,,,,,,,,
,,,,,,,,,,,,,
,,,,,,,,,,,,,
,,,,,,,,,,,,,
,,,,,,,,,,,,,
,,,,,,,,,,,,,
,,,,,,,,,,,,,
,,,,,,,,,,,,,
,,,,,,,,,,,,,
,,,,,,,,,,,,,
,,,,,,,,,,,,,
,,,,,,,,,,,,,
,,,,,,,,,,,,,
,,,,,,,,,,,,,
,,,,,,,,,,,,,
,,,,,,,,,,,,,
,,,,,,,,,,,,,
,,,,,,,,,,,,,
,,,,,,,,,,,,,
,,,,,,,,,,,,,
,,,,,,,,,,,,,
,,,,,,,,,,,,,
,,,,,,,,,,,,,
,,,,,,,,,,,,,
,,,,,,,,,,,,,
,,,,,,,,,,,,,
,,,,,,,,,,,,,
,,,,,,,,,,,,,
,,,,,,,,,,,,,
,,,,,,,,,,,,,
,,,,,,,,,,,,,
,,,,,,,,,,,,,
,,,,,,,,,,,,,
,,,,,,,,,,,,,
,,,,,,,,,,,,,
,,,,,,,,,,,,,
,,,,,,,,,,,,,
,,,,,,,,,,,,,
,,,,,,,,,,,,,
,,,,,,,,,,,,,
,,,,,,,,,,,,,
,,,,,,,,,,,,,
,,,,,,,,,,,,,
,,,,,,,,,,,,,
,,,,,,,,,,,,,
,,,,,,,,,,,,,
,,,,,,,,,,,,,
,,,,,,,,,,,,,
,,,,,,,,,,,,,
,,,,,,,,,,,,,
,,,,,,,,,,,,,
,,,,,,,,,,,,,
,,,,,,,,,,,,,
,,,,,,,,,,,,,
,,,,,,,,,,,,,
,,,,,,,,,,,,,
,,,,,,,,,,,,,
,,,,,,,,,,,,,
,,,,,,,,,,,,,
,,,,,,,,,,,,,
,,,,,,,,,,,,,
,,,,,,,,,,,,,
,,,,,,,,,,,,,
,,,,,,,,,,,,,
,,,,,,,,,,,,,
,,,,,,,,,,,,,
,,,,,,,,,,,,,
,,,,,,,,,,,,,
,,,,,,,,,,,,,
,,,,,,,,,,,,,
,,,,,,,,,,,,,
,,,,,,,,,,,,,
,,,,,,,,,,,,,
,,,,,,,,,,,,,
,,,,,,,,,,,,,
,,,,,,,,,,,,,
,,,,,,,,,,,,,
,,,,,,,,,,,,,
,,,,,,,,,,,,,
,,,,,,,,,,,,,
,,,,,,,,,,,,,
,,,,,,,,,,,,,
,,,,,,,,,,,,,
,,,,,,,,,,,,,
,,,,,,,,,,,,,
,,,,,,,,,,,,,
,,,,,,,,,,,,,
,,,,,,,,,,,,,
,,,,,,,,,,,,,
,,,,,,,,,,,,,
,,,,,,,,,,,,,
,,,,,,,,,,,,,
,,,,,,,,,,,,,
,,,,,,,,,,,,,
,,,,,,,,,,,,,
,,,,,,,,,,,,,
,,,,,,,,,,,,,
,,,,,,,,,,,,,
,,,,,,,,,,,,,
,,,,,,,,,,,,,
,,,,,,,,,,,,,
,,,,,,,,,,,,,
,,,,,,,,,,,,,
,,,,,,,,,,,,,
,,,,,,,,,,,,,
,,,,,,,,,,,,,
,,,,,,,,,,,,,
,,,,,,,,,,,,,
,,,,,,,,,,,,,
,,,,,,,,,,,,,
,,,,,,,,,,,,,
,,,,,,,,,,,,,
,,,,,,,,,,,,,
,,,,,,,,,,,,,
,,,,,,,,,,,,,
,,,,,,,,,,,,,
,,,,,,,,,,,,,
,,,,,,,,,,,,,
,,,,,,,,,,,,,
,,,,,,,,,,,,,
,,,,,,,,,,,,,
,,,,,,,,,,,,,
,,,,,,,,,,,,,
,,,,,,,,,,,,,
,,,,,,,,,,,,,
,,,,,,,,,,,,,
,,,,,,,,,,,,,
,,,,,,,,,,,,,
,,,,,,,,,,,,,
,,,,,,,,,,,,,
,,,,,,,,,,,,,
,,,,,,,,,,,,,
,,,,,,,,,,,,,
,,,,,,,,,,,,,
,,,,,,,,,,,,,
,,,,,,,,,,,,,
,,,,,,,,,,,,,
,,,,,,,,,,,,,
,,,,,,,,,,,,,
,,,,,,,,,,,,,
,,,,,,,,,,,,,
,,,,,,,,,,,,,
,,,,,,,,,,,,,
,,,,,,,,,,,,,
,,,,,,,,,,,,,
,,,,,,,,,,,,,
,,,,,,,,,,,,,
,,,,,,,,,,,,,
,,,,,,,,,,,,,
,,,,,,,,,,,,,
,,,,,,,,,,,,,
,,,,,,,,,,,,,
,,,,,,,,,,,,,
,,,,,,,,,,,,,
,,,,,,,,,,,,,
,,,,,,,,,,,,,
,,,,,,,,,,,,,
,,,,,,,,,,,,,
,,,,,,,,,,,,,
,,,,,,,,,,,,,
,,,,,,,,,,,,,
,,,,,,,,,,,,,
,,,,,,,,,,,,,
,,,,,,,,,,,,,
,,,,,,,,,,,,,
,,,,,,,,,,,,,
,,,,,,,,,,,,,
,,,,,,,,,,,,,
,,,,,,,,,,,,,
,,,,,,,,,,,,,
,,,,,,,,,,,,,
,,,,,,,,,,,,,
,,,,,,,,,,,,,
,,,,,,,,,,,,,
,,,,,,,,,,,,,
,,,,,,,,,,,,,
,,,,,,,,,,,,,
,,,,,,,,,,,,,
,,,,,,,,,,,,,
,,,,,,,,,,,,,
,,,,,,,,,,,,,
,,,,,,,,,,,,,
,,,,,,,,,,,,,
,,,,,,,,,,,,,
,,,,,,,,,,,,,
,,,,,,,,,,,,,
,,,,,,,,,,,,,
,,,,,,,,,,,,,
,,,,,,,,,,,,,
,,,,,,,,,,,,,
,,,,,,,,,,,,,
,,,,,,,,,,,,,
,,,,,,,,,,,,,
,,,,,,,,,,,,,
,,,,,,,,,,,,,
,,,,,,,,,,,,,
,,,,,,,,,,,,,
,,,,,,,,,,,,,
,,,,,,,,,,,,,
,,,,,,,,,,,,,
,,,,,,,,,,,,,
,,,,,,,,,,,,,
,,,,,,,,,,,,,
,,,,,,,,,,,,,
,,,,,,,,,,,,,
,,,,,,,,,,,,,
,,,,,,,,,,,,,
,,,,,,,,,,,,,
,,,,,,,,,,,,,
,,,,,,,,,,,,,
,,,,,,,,,,,,,
,,,,,,,,,,,,,
,,,,,,,,,,,,,
,,,,,,,,,,,,,
,,,,,,,,,,,,,
,,,,,,,,,,,,,
,,,,,,,,,,,,,
,,,,,,,,,,,,,
,,,,,,,,,,,,,
,,,,,,,,,,,,,
,,,,,,,,,,,,,
,,,,,,,,,,,,,
,,,,,,,,,,,,,
,,,,,,,,,,,,,
,,,,,,,,,,,,,
,,,,,,,,,,,,,
,,,,,,,,,,,,,
,,,,,,,,,,,,,
,,,,,,,,,,,,,
,,,,,,,,,,,,,
,,,,,,,,,,,,,
,,,,,,,,,,,,,
,,,,,,,,,,,,,
,,,,,,,,,,,,,
,,,,,,,,,,,,,
,,,,,,,,,,,,,
,,,,,,,,,,,,,
,,,,,,,,,,,,,
,,,,,,,,,,,,,
,,,,,,,,,,,,,
,,,,,,,,,,,,,
,,,,,,,,,,,,,
,,,,,,,,,,,,,
,,,,,,,,,,,,,
,,,,,,,,,,,,,
,,,,,,,,,,,,,
,,,,,,,,,,,,,
,,,,,,,,,,,,,
,,,,,,,,,,,,,
,,,,,,,,,,,,,
,,,,,,,,,,,,,
,,,,,,,,,,,,,
,,,,,,,,,,,,,
,,,,,,,,,,,,,
,,,,,,,,,,,,,
,,,,,,,,,,,,,
,,,,,,,,,,,,,
,,,,,,,,,,,,,
,,,,,,,,,,,,,
,,,,,,,,,,,,,
,,,,,,,,,,,,,
,,,,,,,,,,,,,
,,,,,,,,,,,,,
,,,,,,,,,,,,,
,,,,,,,,,,,,,
,,,,,,,,,,,,,
,,,,,,,,,,,,,
,,,,,,,,,,,,,
,,,,,,,,,,,,,
,,,,,,,,,,,,,
,,,,,,,,,,,,,
,,,,,,,,,,,,,
,,,,,,,,,,,,,
,,,,,,,,,,,,,
,,,,,,,,,,,,,
,,,,,,,,,,,,,
,,,,,,,,,,,,,
,,,,,,,,,,,,,
,,,,,,,,,,,,,
,,,,,,,,,,,,,
,,,,,,,,,,,,,
,,,,,,,,,,,,,
,,,,,,,,,,,,,
,,,,,,,,,,,,,
,,,,,,,,,,,,,
,,,,,,,,,,,,,
,,,,,,,,,,,,,
,,,,,,,,,,,,,
,,,,,,,,,,,,,
,,,,,,,,,,,,,
,,,,,,,,,,,,,
,,,,,,,,,,,,,
,,,,,,,,,,,,,
,,,,,,,,,,,,,
,,,,,,,,,,,,,
,,,,,,,,,,,,,
,,,,,,,,,,,,,
,,,,,,,,,,,,,
,,,,,,,,,,,,,
,,,,,,,,,,,,,
,,,,,,,,,,,,,
,,,,,,,,,,,,,
,,,,,,,,,,,,,
,,,,,,,,,,,,,
,,,,,,,,,,,,,
,,,,,,,,,,,,,
,,,,,,,,,,,,,
,,,,,,,,,,,,,
,,,,,,,,,,,,,
,,,,,,,,,,,,,
,,,,,,,,,,,,,
,,,,,,,,,,,,,
,,,,,,,,,,,,,
,,,,,,,,,,,,,
,,,,,,,,,,,,,
,,,,,,,,,,,,,
,,,,,,,,,,,,,
,,,,,,,,,,,,,
,,,,,,,,,,,,,
,,,,,,,,,,,,,
,,,,,,,,,,,,,
,,,,,,,,,,,,,
,,,,,,,,,,,,,
,,,,,,,,,,,,,
,,,,,,,,,,,,,
,,,,,,,,,,,,,
,,,,,,,,,,,,,
,,,,,,,,,,,,,
,,,,,,,,,,,,,
,,,,,,,,,,,,,
,,,,,,,,,,,,,
,,,,,,,,,,,,,
,,,,,,,,,,,,,
,,,,,,,,,,,,,
,,,,,,,,,,,,,
,,,,,,,,,,,,,
,,,,,,,,,,,,,
,,,,,,,,,,,,,
,,,,,,,,,,,,,
,,,,,,,,,,,,,
,,,,,,,,,,,,,
,,,,,,,,,,,,,
,,,,,,,,,,,,,
,,,,,,,,,,,,,
,,,,,,,,,,,,,
,,,,,,,,,,,,,
,,,,,,,,,,,,,
,,,,,,,,,,,,,
,,,,,,,,,,,,,
,,,,,,,,,,,,,
,,,,,,,,,,,,,
,,,,,,,,,,,,,
,,,,,,,,,,,,,
,,,,,,,,,,,,,
,,,,,,,,,,,,,
,,,,,,,,,,,,,
,,,,,,,,,,,,,
,,,,,,,,,,,,,
,,,,,,,,,,,,,
,,,,,,,,,,,,,
,,,,,,,,,,,,,
,,,,,,,,,,,,,
,,,,,,,,,,,,,
,,,,,,,,,,,,,
,,,,,,,,,,,,,
,,,,,,,,,,,,,
,,,,,,,,,,,,,
,,,,,,,,,,,,,
,,,,,,,,,,,,,
,,,,,,,,,,,,,
,,,,,,,,,,,,,
,,,,,,,,,,,,,
,,,,,,,,,,,,,
,,,,,,,,,,,,,
,,,,,,,,,,,,,
,,,,,,,,,,,,,
,,,,,,,,,,,,,
,,,,,,,,,,,,,
,,,,,,,,,,,,,
,,,,,,,,,,,,,
,,,,,,,,,,,,,
,,,,,,,,,,,,,
,,,,,,,,,,,,,
,,,,,,,,,,,,,
,,,,,,,,,,,,,
,,,,,,,,,,,,,
,,,,,,,,,,,,,
,,,,,,,,,,,,,
,,,,,,,,,,,,,
,,,,,,,,,,,,,
,,,,,,,,,,,,,
,,,,,,,,,,,,,
,,,,,,,,,,,,,
,,,,,,,,,,,,,
,,,,,,,,,,,,,
,,,,,,,,,,,,,
,,,,,,,,,,,,,
,,,,,,,,,,,,,
,,,,,,,,,,,,,
,,,,,,,,,,,,,
,,,,,,,,,,,,,
,,,,,,,,,,,,,
,,,,,,,,,,,,,
,,,,,,,,,,,,,
,,,,,,,,,,,,,
,,,,,,,,,,,,,
,,,,,,,,,,,,,
,,,,,,,,,,,,,
,,,,,,,,,,,,,
,,,,,,,,,,,,,
,,,,,,,,,,,,,
,,,,,,,,,,,,,
,,,,,,,,,,,,,
,,,,,,,,,,,,,
,,,,,,,,,,,,,
,,,,,,,,,,,,,
,,,,,,,,,,,,,
,,,,,,,,,,,,,
,,,,,,,,,,,,,
,,,,,,,,,,,,,
,,,,,,,,,,,,,
,,,,,,,,,,,,,
,,,,,,,,,,,,,
,,,,,,,,,,,,,
,,,,,,,,,,,,,
,,,,,,,,,,,,,
,,,,,,,,,,,,,
,,,,,,,,,,,,,
,,,,,,,,,,,,,
,,,,,,,,,,,,,
,,,,,,,,,,,,,
,,,,,,,,,,,,,
,,,,,,,,,,,,,
,,,,,,,,,,,,,
,,,,,,,,,,,,,
,,,,,,,,,,,,,
,,,,,,,,,,,,,
,,,,,,,,,,,,,
,,,,,,,,,,,,,
,,,,,,,,,,,,,
,,,,,,,,,,,,,
,,,,,,,,,,,,,
,,,,,,,,,,,,,
,,,,,,,,,,,,,
,,,,,,,,,,,,,
,,,,,,,,,,,,,
,,,,,,,,,,,,,
,,,,,,,,,,,,,
,,,,,,,,,,,,,
,,,,,,,,,,,,,
,,,,,,,,,,,,,
,,,,,,,,,,,,,
,,,,,,,,,,,,,
,,,,,,,,,,,,,
,,,,,,,,,,,,,
,,,,,,,,,,,,,
,,,,,,,,,,,,,
,,,,,,,,,,,,,
,,,,,,,,,,,,,
,,,,,,,,,,,,,
,,,,,,,,,,,,,
,,,,,,,,,,,,,
,,,,,,,,,,,,,
,,,,,,,,,,,,,
,,,,,,,,,,,,,
,,,,,,,,,,,,,
,,,,,,,,,,,,,
,,,,,,,,,,,,,
,,,,,,,,,,,,,
,,,,,,,,,,,,,
,,,,,,,,,,,,,
,,,,,,,,,,,,,
,,,,,,,,,,,,,
,,,,,,,,,,,,,
,,,,,,,,,,,,,
,,,,,,,,,,,,,
,,,,,,,,,,,,,
,,,,,,,,,,,,,
,,,,,,,,,,,,,
,,,,,,,,,,,,,
,,,,,,,,,,,,,
,,,,,,,,,,,,,
,,,,,,,,,,,,,
,,,,,,,,,,,,,
,,,,,,,,,,,,,
,,,,,,,,,,,,,
,,,,,,,,,,,,,
,,,,,,,,,,,,,
,,,,,,,,,,,,,
,,,,,,,,,,,,,
,,,,,,,,,,,,,
,,,,,,,,,,,,,
,,,,,,,,,,,,,
,,,,,,,,,,,,,
,,,,,,,,,,,,,
,,,,,,,,,,,,,
,,,,,,,,,,,,,
,,,,,,,,,,,,,
,,,,,,,,,,,,,
,,,,,,,,,,,,,
,,,,,,,,,,,,,
,,,,,,,,,,,,,
,,,,,,,,,,,,,
,,,,,,,,,,,,,
,,,,,,,,,,,,,
,,,,,,,,,,,,,
,,,,,,,,,,,,,
,,,,,,,,,,,,,
,,,,,,,,,,,,,
,,,,,,,,,,,,,
,,,,,,,,,,,,,
,,,,,,,,,,,,,
,,,,,,,,,,,,,
,,,,,,,,,,,,,
,,,,,,,,,,,,,
,,,,,,,,,,,,,
,,,,,,,,,,,,,
,,,,,,,,,,,,,
,,,,,,,,,,,,,
,,,,,,,,,,,,,
,,,,,,,,,,,,,
,,,,,,,,,,,,,
,,,,,,,,,,,,,
,,,,,,,,,,,,,
,,,,,,,,,,,,,
,,,,,,,,,,,,,
,,,,,,,,,,,,,
,,,,,,,,,,,,,
,,,,,,,,,,,,,
,,,,,,,,,,,,,
,,,,,,,,,,,,,
,,,,,,,,,,,,,
,,,,,,,,,,,,,
,,,,,,,,,,,,,
,,,,,,,,,,,,,
,,,,,,,,,,,,,
,,,,,,,,,,,,,
,,,,,,,,,,,,,
,,,,,,,,,,,,,
,,,,,,,,,,,,,
,,,,,,,,,,,,,
,,,,,,,,,,,,,
,,,,,,,,,,,,,
,,,,,,,,,,,,,
,,,,,,,,,,,,,
,,,,,,,,,,,,,
,,,,,,,,,,,,,
,,,,,,,,,,,,,
,,,,,,,,,,,,,
,,,,,,,,,,,,,
,,,,,,,,,,,,,
,,,,,,,,,,,,,
,,,,,,,,,,,,,
,,,,,,,,,,,,,
,,,,,,,,,,,,,
,,,,,,,,,,,,,
,,,,,,,,,,,,,
,,,,,,,,,,,,,
,,,,,,,,,,,,,
,,,,,,,,,,,,,
,,,,,,,,,,,,,
,,,,,,,,,,,,,
,,,,,,,,,,,,,
,,,,,,,,,,,,,
,,,,,,,,,,,,,
,,,,,,,,,,,,,
,,,,,,,,,,,,,
,,,,,,,,,,,,,
,,,,,,,,,,,,,
,,,,,,,,,,,,,
,,,,,,,,,,,,,
,,,,,,,,,,,,,
,,,,,,,,,,,,,
,,,,,,,,,,,,,
,,,,,,,,,,,,,
,,,,,,,,,,,,,
,,,,,,,,,,,,,
,,,,,,,,,,,,,
,,,,,,,,,,,,,
,,,,,,,,,,,,,
,,,,,,,,,,,,,
,,,,,,,,,,,,,
,,,,,,,,,,,,,
,,,,,,,,,,,,,
,,,,,,,,,,,,,
,,,,,,,,,,,,,
,,,,,,,,,,,,,
,,,,,,,,,,,,,
,,,,,,,,,,,,,
,,,,,,,,,,,,,
,,,,,,,,,,,,,
,,,,,,,,,,,,,
,,,,,,,,,,,,,
,,,,,,,,,,,,,
,,,,,,,,,,,,,
,,,,,,,,,,,,,
,,,,,,,,,,,,,
,,,,,,,,,,,,,
,,,,,,,,,,,,,
,,,,,,,,,,,,,
,,,,,,,,,,,,,
,,,,,,,,,,,,,
,,,,,,,,,,,,,
,,,,,,,,,,,,,
,,,,,,,,,,,,,
,,,,,,,,,,,,,
,,,,,,,,,,,,,
,,,,,,,,,,,,,
,,,,,,,,,,,,,
,,,,,,,,,,,,,
,,,,,,,,,,,,,
,,,,,,,,,,,,,
,,,,,,,,,,,,,
,,,,,,,,,,,,,
,,,,,,,,,,,,,
,,,,,,,,,,,,,
,,,,,,,,,,,,,
,,,,,,,,,,,,,
,,,,,,,,,,,,,
,,,,,,,,,,,,,
,,,,,,,,,,,,,
,,,,,,,,,,,,,
,,,,,,,,,,,,,
,,,,,,,,,,,,,
,,,,,,,,,,,,,
,,,,,,,,,,,,,
,,,,,,,,,,,,,
,,,,,,,,,,,,,
,,,,,,,,,,,,,
,,,,,,,,,,,,,
,,,,,,,,,,,,,
,,,,,,,,,,,,,
,,,,,,,,,,,,,
,,,,,,,,,,,,,
,,,,,,,,,,,,,
,,,,,,,,,,,,,
,,,,,,,,,,,,,
,,,,,,,,,,,,,
,,,,,,,,,,,,,
,,,,,,,,,,,,,
,,,,,,,,,,,,,
,,,,,,,,,,,,,
,,,,,,,,,,,,,
,,,,,,,,,,,,,
,,,,,,,,,,,,,
,,,,,,,,,,,,,
,,,,,,,,,,,,,
,,,,,,,,,,,,,
,,,,,,,,,,,,,
,,,,,,,,,,,,,
,,,,,,,,,,,,,
,,,,,,,,,,,,,
,,,,,,,,,,,,,
,,,,,,,,,,,,,
,,,,,,,,,,,,,
,,,,,,,,,,,,,
,,,,,,,,,,,,,
,,,,,,,,,,,,,
,,,,,,,,,,,,,
,,,,,,,,,,,,,
,,,,,,,,,,,,,
,,,,,,,,,,,,,
,,,,,,,,,,,,,
,,,,,,,,,,,,,
,,,,,,,,,,,,,
,,,,,,,,,,,,,
,,,,,,,,,,,,,
,,,,,,,,,,,,,
,,,,,,,,,,,,,
,,,,,,,,,,,,,
,,,,,,,,,,,,,
,,,,,,,,,,,,,
,,,,,,,,,,,,,
,,,,,,,,,,,,,
,,,,,,,,,,,,,
,,,,,,,,,,,,,
,,,,,,,,,,,,,
,,,,,,,,,,,,,
,,,,,,,,,,,,,
,,,,,,,,,,,,,
,,,,,,,,,,,,,
,,,,,,,,,,,,,
,,,,,,,,,,,,,
,,,,,,,,,,,,,
,,,,,,,,,,,,,
,,,,,,,,,,,,,
,,,,,,,,,,,,,
,,,,,,,,,,,,,
,,,,,,,,,,,,,
,,,,,,,,,,,,,
,,,,,,,,,,,,,
,,,,,,,,,,,,,
,,,,,,,,,,,,,
,,,,,,,,,,,,,
,,,,,,,,,,,,,
,,,,,,,,,,,,,
,,,,,,,,,,,,,
,,,,,,,,,,,,,
,,,,,,,,,,,,,
,,,,,,,,,,,,,
,,,,,,,,,,,,,
,,,,,,,,,,,,,
,,,,,,,,,,,,,
,,,,,,,,,,,,,
,,,,,,,,,,,,,
,,,,,,,,,,,,,
,,,,,,,,,,,,,
,,,,,,,,,,,,,
,,,,,,,,,,,,,
,,,,,,,,,,,,,
,,,,,,,,,,,,,
,,,,,,,,,,,,,
,,,,,,,,,,,,,
,,,,,,,,,,,,,
,,,,,,,,,,,,,
,,,,,,,,,,,,,
,,,,,,,,,,,,,
,,,,,,,,,,,,,
,,,,,,,,,,,,,
,,,,,,,,,,,,,
,,,,,,,,,,,,,
,,,,,,,,,,,,,
,,,,,,,,,,,,,
,,,,,,,,,,,,,
,,,,,,,,,,,,,
,,,,,,,,,,,,,
,,,,,,,,,,,,,
,,,,,,,,,,,,,
,,,,,,,,,,,,,
,,,,,,,,,,,,,
,,,,,,,,,,,,,
,,,,,,,,,,,,,
,,,,,,,,,,,,,
,,,,,,,,,,,,,
,,,,,,,,,,,,,
,,,,,,,,,,,,,
,,,,,,,,,,,,,
,,,,,,,,,,,,,
,,,,,,,,,,,,,
,,,,,,,,,,,,,
,,,,,,,,,,,,,
,,,,,,,,,,,,,
,,,,,,,,,,,,,
,,,,,,,,,,,,,
,,,,,,,,,,,,,
,,,,,,,,,,,,,
,,,,,,,,,,,,,
,,,,,,,,,,,,,
,,,,,,,,,,,,,
,,,,,,,,,,,,,
,,,,,,,,,,,,,
,,,,,,,,,,,,,
,,,,,,,,,,,,,
,,,,,,,,,,,,,
,,,,,,,,,,,,,
,,,,,,,,,,,,,
,,,,,,,,,,,,,
,,,,,,,,,,,,,
,,,,,,,,,,,,,
,,,,,,,,,,,,,
,,,,,,,,,,,,,
,,,,,,,,,,,,,
,,,,,,,,,,,,,
,,,,,,,,,,,,,
,,,,,,,,,,,,,
,,,,,,,,,,,,,
,,,,,,,,,,,,,
,,,,,,,,,,,,,
,,,,,,,,,,,,,
,,,,,,,,,,,,,
,,,,,,,,,,,,,
,,,,,,,,,,,,,
,,,,,,,,,,,,,
,,,,,,,,,,,,,
,,,,,,,,,,,,,
,,,,,,,,,,,,,
,,,,,,,,,,,,,
,,,,,,,,,,,,,
,,,,,,,,,,,,,
,,,,,,,,,,,,,
,,,,,,,,,,,,,
,,,,,,,,,,,,,
,,,,,,,,,,,,,
,,,,,,,,,,,,,
,,,,,,,,,,,,,
,,,,,,,,,,,,,
,,,,,,,,,,,,,
,,,,,,,,,,,,,
,,,,,,,,,,,,,
,,,,,,,,,,,,,
,,,,,,,,,,,,,
,,,,,,,,,,,,,
,,,,,,,,,,,,,
,,,,,,,,,,,,,
,,,,,,,,,,,,,
,,,,,,,,,,,,,
,,,,,,,,,,,,,
,,,,,,,,,,,,,
,,,,,,,,,,,,,
,,,,,,,,,,,,,
,,,,,,,,,,,,,
,,,,,,,,,,,,,
,,,,,,,,,,,,,
,,,,,,,,,,,,,
,,,,,,,,,,,,,
,,,,,,,,,,,,,
,,,,,,,,,,,,,
,,,,,,,,,,,,,
,,,,,,,,,,,,,
,,,,,,,,,,,,,
,,,,,,,,,,,,,
,,,,,,,,,,,,,
,,,,,,,,,,,,,
,,,,,,,,,,,,,
,,,,,,,,,,,,,
,,,,,,,,,,,,,
,,,,,,,,,,,,,
,,,,,,,,,,,,,
,,,,,,,,,,,,,
,,,,,,,,,,,,,
,,,,,,,,,,,,,
,,,,,,,,,,,,,
,,,,,,,,,,,,,
,,,,,,,,,,,,,
,,,,,,,,,,,,,
,,,,,,,,,,,,,
,,,,,,,,,,,,,
,,,,,,,,,,,,,
,,,,,,,,,,,,,
,,,,,,,,,,,,,
,,,,,,,,,,,,,
,,,,,,,,,,,,,
,,,,,,,,,,,,,
,,,,,,,,,,,,,
,,,,,,,,,,,,,
,,,,,,,,,,,,,
,,,,,,,,,,,,,
,,,,,,,,,,,,,
,,,,,,,,,,,,,
,,,,,,,,,,,,,
,,,,,,,,,,,,,
,,,,,,,,,,,,,
,,,,,,,,,,,,,
,,,,,,,,,,,,,
,,,,,,,,,,,,,
,,,,,,,,,,,,,
,,,,,,,,,,,,,
,,,,,,,,,,,,,
,,,,,,,,,,,,,
,,,,,,,,,,,,,
,,,,,,,,,,,,,
,,,,,,,,,,,,,
,,,,,,,,,,,,,
,,,,,,,,,,,,,
,,,,,,,,,,,,,
,,,,,,,,,,,,,
,,,,,,,,,,,,,
,,,,,,,,,,,,,
,,,,,,,,,,,,,
,,,,,,,,,,,,,
,,,,,,,,,,,,,
,,,,,,,,,,,,,
,,,,,,,,,,,,,
,,,,,,,,,,,,,
,,,,,,,,,,,,,
,,,,,,,,,,,,,
,,,,,,,,,,,,,
,,,,,,,,,,,,,
,,,,,,,,,,,,,
,,,,,,,,,,,,,
,,,,,,,,,,,,,
,,,,,,,,,,,,,
,,,,,,,,,,,,,
,,,,,,,,,,,,,
,,,,,,,,,,,,,
,,,,,,,,,,,,,
,,,,,,,,,,,,,
,,,,,,,,,,,,,
,,,,,,,,,,,,,
,,,,,,,,,,,,,
,,,,,,,,,,,,,
,,,,,,,,,,,,,
,,,,,,,,,,,,,
,,,,,,,,,,,,,
,,,,,,,,,,,,,
,,,,,,,,,,,,,
,,,,,,,,,,,,,
,,,,,,,,,,,,,
,,,,,,,,,,,,,
,,,,,,,,,,,,,
,,,,,,,,,,,,,
,,,,,,,,,,,,,
,,,,,,,,,,,,,
,,,,,,,,,,,,,
,,,,,,,,,,,,,
,,,,,,,,,,,,,
,,,,,,,,,,,,,
,,,,,,,,,,,,,
,,,,,,,,,,,,,
,,,,,,,,,,,,,
,,,,,,,,,,,,,
,,,,,,,,,,,,,
,,,,,,,,,,,,,
,,,,,,,,,,,,,
,,,,,,,,,,,,,
,,,,,,,,,,,,,
,,,,,,,,,,,,,
,,,,,,,,,,,,,
,,,,,,,,,,,,,
,,,,,,,,,,,,,
,,,,,,,,,,,,,
,,,,,,,,,,,,,
,,,,,,,,,,,,,
,,,,,,,,,,,,,
,,,,,,,,,,,,,
,,,,,,,,,,,,,
,,,,,,,,,,,,,
,,,,,,,,,,,,,
,,,,,,,,,,,,,
,,,,,,,,,,,,,
,,,,,,,,,,,,,
,,,,,,,,,,,,,
,,,,,,,,,,,,,
,,,,,,,,,,,,,
,,,,,,,,,,,,,
,,,,,,,,,,,,,
,,,,,,,,,,,,,
,,,,,,,,,,,,,
,,,,,,,,,,,,,
,,,,,,,,,,,,,
,,,,,,,,,,,,,
,,,,,,,,,,,,,
,,,,,,,,,,,,,
,,,,,,,,,,,,,
,,,,,,,,,,,,,
,,,,,,,,,,,,,
,,,,,,,,,,,,,
,,,,,,,,,,,,,
,,,,,,,,,,,,,
,,,,,,,,,,,,,
,,,,,,,,,,,,,
,,,,,,,,,,,,,
,,,,,,,,,,,,,
,,,,,,,,,,,,,
,,,,,,,,,,,,,
,,,,,,,,,,,,,
,,,,,,,,,,,,,
,,,,,,,,,,,,,
,,,,,,,,,,,,,
,,,,,,,,,,,,,
,,,,,,,,,,,,,
,,,,,,,,,,,,,
,,,,,,,,,,,,,
,,,,,,,,,,,,,
,,,,,,,,,,,,,
,,,,,,,,,,,,,
,,,,,,,,,,,,,
,,,,,,,,,,,,,
,,,,,,,,,,,,,
,,,,,,,,,,,,,
,,,,,,,,,,,,,
,,,,,,,,,,,,,
,,,,,,,,,,,,,
,,,,,,,,,,,,,
,,,,,,,,,,,,,
,,,,,,,,,,,,,
,,,,,,,,,,,,,
,,,,,,,,,,,,,
,,,,,,,,,,,,,
,,,,,,,,,,,,,
,,,,,,,,,,,,,
,,,,,,,,,,,,,
,,,,,,,,,,,,,
,,,,,,,,,,,,,
,,,,,,,,,,,,,
,,,,,,,,,,,,,
,,,,,,,,,,,,,
,,,,,,,,,,,,,
,,,,,,,,,,,,,
,,,,,,,,,,,,,
,,,,,,,,,,,,,
,,,,,,,,,,,,,
,,,,,,,,,,,,,
,,,,,,,,,,,,,
,,,,,,,,,,,,,
,,,,,,,,,,,,,
,,,,,,,,,,,,,
,,,,,,,,,,,,,
,,,,,,,,,,,,,
,,,,,,,,,,,,,
,,,,,,,,,,,,,
,,,,,,,,,,,,,
,,,,,,,,,,,,,
,,,,,,,,,,,,,
,,,,,,,,,,,,,
,,,,,,,,,,,,,
,,,,,,,,,,,,,
,,,,,,,,,,,,,
,,,,,,,,,,,,,
,,,,,,,,,,,,,
,,,,,,,,,,,,,
,,,,,,,,,,,,,
,,,,,,,,,,,,,
,,,,,,,,,,,,,
,,,,,,,,,,,,,
,,,,,,,,,,,,,
,,,,,,,,,,,,,
,,,,,,,,,,,,,
,,,,,,,,,,,,,
,,,,,,,,,,,,,
,,,,,,,,,,,,,
,,,,,,,,,,,,,
,,,,,,,,,,,,,
,,,,,,,,,,,,,
,,,,,,,,,,,,,
,,,,,,,,,,,,,
,,,,,,,,,,,,,
,,,,,,,,,,,,,
,,,,,,,,,,,,,
,,,,,,,,,,,,,
,,,,,,,,,,,,,
,,,,,,,,,,,,,
,,,,,,,,,,,,,
,,,,,,,,,,,,,
,,,,,,,,,,,,,
,,,,,,,,,,,,,
,,,,,,,,,,,,,
,,,,,,,,,,,,,
,,,,,,,,,,,,,
,,,,,,,,,,,,,
,,,,,,,,,,,,,
,,,,,,,,,,,,,
,,,,,,,,,,,,,
,,,,,,,,,,,,,
,,,,,,,,,,,,,
,,,,,,,,,,,,,
,,,,,,,,,,,,,
,,,,,,,,,,,,,
,,,,,,,,,,,,,
,,,,,,,,,,,,,
,,,,,,,,,,,,,
,,,,,,,,,,,,,
,,,,,,,,,,,,,
,,,,,,,,,,,,,
,,,,,,,,,,,,,
,,,,,,,,,,,,,
,,,,,,,,,,,,,
,,,,,,,,,,,,,
,,,,,,,,,,,,,
,,,,,,,,,,,,,
,,,,,,,,,,,,,
,,,,,,,,,,,,,
,,,,,,,,,,,,,
,,,,,,,,,,,,,
,,,,,,,,,,,,,
,,,,,,,,,,,,,
,,,,,,,,,,,,,
,,,,,,,,,,,,,
,,,,,,,,,,,,,
,,,,,,,,,,,,,
,,,,,,,,,,,,,
,,,,,,,,,,,,,
,,,,,,,,,,,,,
,,,,,,,,,,,,,
,,,,,,,,,,,,,
,,,,,,,,,,,,,
,,,,,,,,,,,,,
,,,,,,,,,,,,,
,,,,,,,,,,,,,
,,,,,,,,,,,,,
,,,,,,,,,,,,,
,,,,,,,,,,,,,
,,,,,,,,,,,,,
,,,,,,,,,,,,,
,,,,,,,,,,,,,
,,,,,,,,,,,,,
,,,,,,,,,,,,,
,,,,,,,,,,,,,
,,,,,,,,,,,,,
,,,,,,,,,,,,,
,,,,,,,,,,,,,
,,,,,,,,,,,,,
,,,,,,,,,,,,,
,,,,,,,,,,,,,
,,,,,,,,,,,,,
,,,,,,,,,,,,,
,,,,,,,,,,,,,
,,,,,,,,,,,,,
,,,,,,,,,,,,,
,,,,,,,,,,,,,
,,,,,,,,,,,,,
,,,,,,,,,,,,,
,,,,,,,,,,,,,
,,,,,,,,,,,,,
,,,,,,,,,,,,,
,,,,,,,,,,,,,
,,,,,,,,,,,,,
,,,,,,,,,,,,,
,,,,,,,,,,,,,
,,,,,,,,,,,,,
,,,,,,,,,,,,,
,,,,,,,,,,,,,
,,,,,,,,,,,,,
,,,,,,,,,,,,,
,,,,,,,,,,,,,
,,,,,,,,,,,,,
,,,,,,,,,,,,,
,,,,,,,,,,,,,
,,,,,,,,,,,,,
,,,,,,,,,,,,,
,,,,,,,,,,,,,
,,,,,,,,,,,,,
,,,,,,,,,,,,,
,,,,,,,,,,,,,
,,,,,,,,,,,,,
,,,,,,,,,,,,,
,,,,,,,,,,,,,
,,,,,,,,,,,,,
,,,,,,,,,,,,,
,,,,,,,,,,,,,
,,,,,,,,,,,,,
,,,,,,,,,,,,,
,,,,,,,,,,,,,
,,,,,,,,,,,,,
,,,,,,,,,,,,,
,,,,,,,,,,,,,
,,,,,,,,,,,,,
,,,,,,,,,,,,,
,,,,,,,,,,,,,
,,,,,,,,,,,,,
,,,,,,,,,,,,,
,,,,,,,,,,,,,
,,,,,,,,,,,,,
,,,,,,,,,,,,,
,,,,,,,,,,,,,
,,,,,,,,,,,,,
,,,,,,,,,,,,,
,,,,,,,,,,,,,
,,,,,,,,,,,,,
,,,,,,,,,,,,,
,,,,,,,,,,,,,
,,,,,,,,,,,,,
,,,,,,,,,,,,,
,,,,,,,,,,,,,
,,,,,,,,,,,,,
,,,,,,,,,,,,,
,,,,,,,,,,,,,
,,,,,,,,,,,,,
,,,,,,,,,,,,,
,,,,,,,,,,,,,
,,,,,,,,,,,,,
,,,,,,,,,,,,,
,,,,,,,,,,,,,
,,,,,,,,,,,,,
,,,,,,,,,,,,,
,,,,,,,,,,,,,
,,,,,,,,,,,,,
,,,,,,,,,,,,,
,,,,,,,,,,,,,
,,,,,,,,,,,,,
,,,,,,,,,,,,,
,,,,,,,,,,,,,
,,,,,,,,,,,,,
,,,,,,,,,,,,,
,,,,,,,,,,,,,
,,,,,,,,,,,,,
,,,,,,,,,,,,,
,,,,,,,,,,,,,
,,,,,,,,,,,,,
,,,,,,,,,,,,,
,,,,,,,,,,,,,
,,,,,,,,,,,,,
,,,,,,,,,,,,,
,,,,,,,,,,,,,
,,,,,,,,,,,,,
,,,,,,,,,,,,,
,,,,,,,,,,,,,
,,,,,,,,,,,,,
,,,,,,,,,,,,,
,,,,,,,,,,,,,
,,,,,,,,,,,,,
,,,,,,,,,,,,,
,,,,,,,,,,,,,
,,,,,,,,,,,,,
,,,,,,,,,,,,,
,,,,,,,,,,,,,
,,,,,,,,,,,,,
,,,,,,,,,,,,,
,,,,,,,,,,,,,
,,,,,,,,,,,,,
,,,,,,,,,,,,,
,,,,,,,,,,,,,
,,,,,,,,,,,,,
,,,,,,,,,,,,,
,,,,,,,,,,,,,
,,,,,,,,,,,,,
,,,,,,,,,,,,,
,,,,,,,,,,,,,
,,,,,,,,,,,,,
,,,,,,,,,,,,,
,,,,,,,,,,,,,
,,,,,,,,,,,,,
,,,,,,,,,,,,,
,,,,,,,,,,,,,
,,,,,,,,,,,,,
,,,,,,,,,,,,,
,,,,,,,,,,,,,
,,,,,,,,,,,,,
,,,,,,,,,,,,,
,,,,,,,,,,,,,
,,,,,,,,,,,,,
,,,,,,,,,,,,,
,,,,,,,,,,,,,
,,,,,,,,,,,,,
,,,,,,,,,,,,,
,,,,,,,,,,,,,
,,,,,,,,,,,,,
,,,,,,,,,,,,,
,,,,,,,,,,,,,
,,,,,,,,,,,,,
,,,,,,,,,,,,,
,,,,,,,,,,,,,
,,,,,,,,,,,,,
,,,,,,,,,,,,,
,,,,,,,,,,,,,
,,,,,,,,,,,,,
,,,,,,,,,,,,,
,,,,,,,,,,,,,
,,,,,,,,,,,,,
,,,,,,,,,,,,,
,,,,,,,,,,,,,
,,,,,,,,,,,,,
,,,,,,,,,,,,,
,,,,,,,,,,,,,
,,,,,,,,,,,,,
,,,,,,,,,,,,,
,,,,,,,,,,,,,
,,,,,,,,,,,,,
,,,,,,,,,,,,,
,,,,,,,,,,,,,
,,,,,,,,,,,,,
,,,,,,,,,,,,,
,,,,,,,,,,,,,
,,,,,,,,,,,,,
,,,,,,,,,,,,,
,,,,,,,,,,,,,
,,,,,,,,,,,,,
,,,,,,,,,,,,,
,,,,,,,,,,,,,
,,,,,,,,,,,,,
,,,,,,,,,,,,,
,,,,,,,,,,,,,
,,,,,,,,,,,,,
,,,,,,,,,,,,,
,,,,,,,,,,,,,
,,,,,,,,,,,,,
,,,,,,,,,,,,,
,,,,,,,,,,,,,
,,,,,,,,,,,,,
,,,,,,,,,,,,,
,,,,,,,,,,,,,
,,,,,,,,,,,,,
,,,,,,,,,,,,,
,,,,,,,,,,,,,
,,,,,,,,,,,,,
,,,,,,,,,,,,,
,,,,,,,,,,,,,
,,,,,,,,,,,,,
,,,,,,,,,,,,,
,,,,,,,,,,,,,
,,,,,,,,,,,,,
,,,,,,,,,,,,,
,,,,,,,,,,,,,
,,,,,,,,,,,,,
,,,,,,,,,,,,,
,,,,,,,,,,,,,
,,,,,,,,,,,,,
,,,,,,,,,,,,,
,,,,,,,,,,,,,
,,,,,,,,,,,,,
,,,,,,,,,,,,,
,,,,,,,,,,,,,
,,,,,,,,,,,,,
,,,,,,,,,,,,,
,,,,,,,,,,,,,
,,,,,,,,,,,,,
,,,,,,,,,,,,,
,,,,,,,,,,,,,
,,,,,,,,,,,,,
,,,,,,,,,,,,,
,,,,,,,,,,,,,
,,,,,,,,,,,,,
,,,,,,,,,,,,,
,,,,,,,,,,,,,
,,,,,,,,,,,,,
,,,,,,,,,,,,,
,,,,,,,,,,,,,
,,,,,,,,,,,,,
,,,,,,,,,,,,,
,,,,,,,,,,,,,
,,,,,,,,,,,,,
,,,,,,,,,,,,,
,,,,,,,,,,,,,
,,,,,,,,,,,,,
,,,,,,,,,,,,,
,,,,,,,,,,,,,
,,,,,,,,,,,,,
,,,,,,,,,,,,,
,,,,,,,,,,,,,
,,,,,,,,,,,,,
,,,,,,,,,,,,,
,,,,,,,,,,,,,
,,,,,,,,,,,,,
,,,,,,,,,,,,,
,,,,,,,,,,,,,
,,,,,,,,,,,,,
,,,,,,,,,,,,,
,,,,,,,,,,,,,
,,,,,,,,,,,,,
,,,,,,,,,,,,,
,,,,,,,,,,,,,
,,,,,,,,,,,,,
,,,,,,,,,,,,,
,,,,,,,,,,,,,
,,,,,,,,,,,,,
,,,,,,,,,,,,,
,,,,,,,,,,,,,
,,,,,,,,,,,,,
,,,,,,,,,,,,,
,,,,,,,,,,,,,
,,,,,,,,,,,,,
,,,,,,,,,,,,,
,,,,,,,,,,,,,
,,,,,,,,,,,,,
,,,,,,,,,,,,,
,,,,,,,,,,,,,
,,,,,,,,,,,,,
,,,,,,,,,,,,,
,,,,,,,,,,,,,
,,,,,,,,,,,,,
,,,,,,,,,,,,,
,,,,,,,,,,,,,
,,,,,,,,,,,,,
,,,,,,,,,,,,,
,,,,,,,,,,,,,
,,,,,,,,,,,,,
,,,,,,,,,,,,,
,,,,,,,,,,,,,
,,,,,,,,,,,,,
,,,,,,,,,,,,,
,,,,,,,,,,,,,
,,,,,,,,,,,,,
,,,,,,,,,,,,,
,,,,,,,,,,,,,
,,,,,,,,,,,,,
,,,,,,,,,,,,,
,,,,,,,,,,,,,
,,,,,,,,,,,,,
,,,,,,,,,,,,,
,,,,,,,,,,,,,
,,,,,,,,,,,,,
,,,,,,,,,,,,,
,,,,,,,,,,,,,
,,,,,,,,,,,,,
,,,,,,,,,,,,,
,,,,,,,,,,,,,
,,,,,,,,,,,,,
,,,,,,,,,,,,,
,,,,,,,,,,,,,
,,,,,,,,,,,,,
,,,,,,,,,,,,,
,,,,,,,,,,,,,
,,,,,,,,,,,,,
,,,,,,,,,,,,,
,,,,,,,,,,,,,
,,,,,,,,,,,,,
,,,,,,,,,,,,,
,,,,,,,,,,,,,
,,,,,,,,,,,,,
,,,,,,,,,,,,,
,,,,,,,,,,,,,
,,,,,,,,,,,,,
,,,,,,,,,,,,,
,,,,,,,,,,,,,
,,,,,,,,,,,,,
,,,,,,,,,,,,,
,,,,,,,,,,,,,
,,,,,,,,,,,,,
,,,,,,,,,,,,,
,,,,,,,,,,,,,
,,,,,,,,,,,,,
,,,,,,,,,,,,,
,,,,,,,,,,,,,
,,,,,,,,,,,,,
,,,,,,,,,,,,,
,,,,,,,,,,,,,
,,,,,,,,,,,,,
,,,,,,,,,,,,,
,,,,,,,,,,,,,
,,,,,,,,,,,,,
,,,,,,,,,,,,,
,,,,,,,,,,,,,
,,,,,,,,,,,,,
,,,,,,,,,,,,,
,,,,,,,,,,,,,
,,,,,,,,,,,,,
,,,,,,,,,,,,,
,,,,,,,,,,,,,
,,,,,,,,,,,,,
,,,,,,,,,,,,,
,,,,,,,,,,,,,
,,,,,,,,,,,,,
,,,,,,,,,,,,,
,,,,,,,,,,,,,
,,,,,,,,,,,,,
,,,,,,,,,,,,,
,,,,,,,,,,,,,
,,,,,,,,,,,,,
,,,,,,,,,,,,,
,,,,,,,,,,,,,
,,,,,,,,,,,,,
,,,,,,,,,,,,,
,,,,,,,,,,,,,
,,,,,,,,,,,,,
,,,,,,,,,,,,,
,,,,,,,,,,,,,
,,,,,,,,,,,,,
,,,,,,,,,,,,,
,,,,,,,,,,,,,
,,,,,,,,,,,,,
,,,,,,,,,,,,,
,,,,,,,,,,,,,
,,,,,,,,,,,,,
,,,,,,,,,,,,,
,,,,,,,,,,,,,
,,,,,,,,,,,,,
,,,,,,,,,,,,,
,,,,,,,,,,,,,
,,,,,,,,,,,,,
,,,,,,,,,,,,,
,,,,,,,,,,,,,
,,,,,,,,,,,,,
,,,,,,,,,,,,,
,,,,,,,,,,,,,
,,,,,,,,,,,,,
,,,,,,,,,,,,,
,,,,,,,,,,,,,
,,,,,,,,,,,,,
,,,,,,,,,,,,,
,,,,,,,,,,,,,
,,,,,,,,,,,,,
,,,,,,,,,,,,,
,,,,,,,,,,,,,
,,,,,,,,,,,,,
,,,,,,,,,,,,,
,,,,,,,,,,,,,
,,,,,,,,,,,,,
,,,,,,,,,,,,,
,,,,,,,,,,,,,
,,,,,,,,,,,,,
,,,,,,,,,,,,,
,,,,,,,,,,,,,
,,,,,,,,,,,,,
,,,,,,,,,,,,,
,,,,,,,,,,,,,
,,,,,,,,,,,,,
,,,,,,,,,,,,,
,,,,,,,,,,,,,
,,,,,,,,,,,,,
,,,,,,,,,,,,,
,,,,,,,,,,,,,
,,,,,,,,,,,,,
,,,,,,,,,,,,,
,,,,,,,,,,,,,
,,,,,,,,,,,,,
,,,,,,,,,,,,,
,,,,,,,,,,,,,
,,,,,,,,,,,,,
,,,,,,,,,,,,,
,,,,,,,,,,,,,
,,,,,,,,,,,,,
,,,,,,,,,,,,,
,,,,,,,,,,,,,
,,,,,,,,,,,,,
,,,,,,,,,,,,,
,,,,,,,,,,,,,
,,,,,,,,,,,,,
,,,,,,,,,,,,,
,,,,,,,,,,,,,
,,,,,,,,,,,,,
,,,,,,,,,,,,,
,,,,,,,,,,,,,
,,,,,,,,,,,,,
,,,,,,,,,,,,,
,,,,,,,,,,,,,
,,,,,,,,,,,,,
,,,,,,,,,,,,,
,,,,,,,,,,,,,
,,,,,,,,,,,,,
,,,,,,,,,,,,,
,,,,,,,,,,,,,
,,,,,,,,,,,,,
,,,,,,,,,,,,,
,,,,,,,,,,,,,
,,,,,,,,,,,,,
,,,,,,,,,,,,,
,,,,,,,,,,,,,
,,,,,,,,,,,,,
,,,,,,,,,,,,,
,,,,,,,,,,,,,
,,,,,,,,,,,,,
,,,,,,,,,,,,,
,,,,,,,,,,,,,
,,,,,,,,,,,,,
,,,,,,,,,,,,,
,,,,,,,,,,,,,
,,,,,,,,,,,,,
,,,,,,,,,,,,,
,,,,,,,,,,,,,
,,,,,,,,,,,,,
,,,,,,,,,,,,,
,,,,,,,,,,,,,
,,,,,,,,,,,,,
,,,,,,,,,,,,,
,,,,,,,,,,,,,
,,,,,,,,,,,,,
,,,,,,,,,,,,,
,,,,,,,,,,,,,
,,,,,,,,,,,,,
,,,,,,,,,,,,,
,,,,,,,,,,,,,
,,,,,,,,,,,,,
,,,,,,,,,,,,,
,,,,,,,,,,,,,
,,,,,,,,,,,,,
,,,,,,,,,,,,,
,,,,,,,,,,,,,
,,,,,,,,,,,,,
,,,,,,,,,,,,,
,,,,,,,,,,,,,
,,,,,,,,,,,,,
,,,,,,,,,,,,,
,,,,,,,,,,,,,
,,,,,,,,,,,,,
,,,,,,,,,,,,,
,,,,,,,,,,,,,
,,,,,,,,,,,,,
,,,,,,,,,,,,,
,,,,,,,,,,,,,
,,,,,,,,,,,,,
,,,,,,,,,,,,,
,,,,,,,,,,,,,
,,,,,,,,,,,,,
,,,,,,,,,,,,,
,,,,,,,,,,,,,
,,,,,,,,,,,,,
,,,,,,,,,,,,,
,,,,,,,,,,,,,
,,,,,,,,,,,,,
,,,,,,,,,,,,,
,,,,,,,,,,,,,
,,,,,,,,,,,,,
,,,,,,,,,,,,,
,,,,,,,,,,,,,
,,,,,,,,,,,,,
,,,,,,,,,,,,,
,,,,,,,,,,,,,
,,,,,,,,,,,,,
,,,,,,,,,,,,,
,,,,,,,,,,,,,
,,,,,,,,,,,,,
,,,,,,,,,,,,,
,,,,,,,,,,,,,
,,,,,,,,,,,,,
,,,,,,,,,,,,,
,,,,,,,,,,,,,
,,,,,,,,,,,,,
,,,,,,,,,,,,,
,,,,,,,,,,,,,
,,,,,,,,,,,,,
,,,,,,,,,,,,,
,,,,,,,,,,,,,
,,,,,,,,,,,,,
,,,,,,,,,,,,,
,,,,,,,,,,,,,
,,,,,,,,,,,,,
,,,,,,,,,,,,,
,,,,,,,,,,,,,
,,,,,,,,,,,,,
,,,,,,,,,,,,,
,,,,,,,,,,,,,
,,,,,,,,,,,,,
,,,,,,,,,,,,,
,,,,,,,,,,,,,
,,,,,,,,,,,,,
,,,,,,,,,,,,,
,,,,,,,,,,,,,
,,,,,,,,,,,,,
,,,,,,,,,,,,,
,,,,,,,,,,,,,
,,,,,,,,,,,,,
,,,,,,,,,,,,,
,,,,,,,,,,,,,
,,,,,,,,,,,,,
,,,,,,,,,,,,,
,,,,,,,,,,,,,
,,,,,,,,,,,,,
,,,,,,,,,,,,,
,,,,,,,,,,,,,
,,,,,,,,,,,,,
,,,,,,,,,,,,,
,,,,,,,,,,,,,
,,,,,,,,,,,,,
,,,,,,,,,,,,,
,,,,,,,,,,,,,
,,,,,,,,,,,,,
,,,,,,,,,,,,,
,,,,,,,,,,,,,
,,,,,,,,,,,,,
,,,,,,,,,,,,,
,,,,,,,,,,,,,
,,,,,,,,,,,,,
,,,,,,,,,,,,,
,,,,,,,,,,,,,
,,,,,,,,,,,,,
,,,,,,,,,,,,,
,,,,,,,,,,,,,
,,,,,,,,,,,,,
,,,,,,,,,,,,,
,,,,,,,,,,,,,
,,,,,,,,,,,,,
,,,,,,,,,,,,,
,,,,,,,,,,,,,
,,,,,,,,,,,,,
,,,,,,,,,,,,,
,,,,,,,,,,,,,
,,,,,,,,,,,,,
,,,,,,,,,,,,,
,,,,,,,,,,,,,
,,,,,,,,,,,,,
,,,,,,,,,,,,,
,,,,,,,,,,,,,
,,,,,,,,,,,,,
,,,,,,,,,,,,,
,,,,,,,,,,,,,
,,,,,,,,,,,,,
,,,,,,,,,,,,,
,,,,,,,,,,,,,
,,,,,,,,,,,,,
,,,,,,,,,,,,,
,,,,,,,,,,,,,
,,,,,,,,,,,,,
,,,,,,,,,,,,,
,,,,,,,,,,,,,
,,,,,,,,,,,,,
,,,,,,,,,,,,,
,,,,,,,,,,,,,
,,,,,,,,,,,,,
,,,,,,,,,,,,,
,,,,,,,,,,,,,
,,,,,,,,,,,,,
,,,,,,,,,,,,,
,,,,,,,,,,,,,
,,,,,,,,,,,,,
,,,,,,,,,,,,,
,,,,,,,,,,,,,
,,,,,,,,,,,,,
,,,,,,,,,,,,,
,,,,,,,,,,,,,
,,,,,,,,,,,,,
,,,,,,,,,,,,,
,,,,,,,,,,,,,
,,,,,,,,,,,,,
,,,,,,,,,,,,,
,,,,,,,,,,,,,
,,,,,,,,,,,,,
,,,,,,,,,,,,,
,,,,,,,,,,,,,
,,,,,,,,,,,,,
,,,,,,,,,,,,,
,,,,,,,,,,,,,
,,,,,,,,,,,,,
,,,,,,,,,,,,,
,,,,,,,,,,,,,
,,,,,,,,,,,,,
,,,,,,,,,,,,,
,,,,,,,,,,,,,
,,,,,,,,,,,,,
,,,,,,,,,,,,,
,,,,,,,,,,,,,
,,,,,,,,,,,,,
,,,,,,,,,,,,,
,,,,,,,,,,,,,
,,,,,,,,,,,,,
,,,,,,,,,,,,,
,,,,,,,,,,,,,
,,,,,,,,,,,,,
,,,,,,,,,,,,,
,,,,,,,,,,,,,
,,,,,,,,,,,,,
,,,,,,,,,,,,,
,,,,,,,,,,,,,
,,,,,,,,,,,,,
,,,,,,,,,,,,,
,,,,,,,,,,,,,
,,,,,,,,,,,,,
,,,,,,,,,,,,,
,,,,,,,,,,,,,
,,,,,,,,,,,,,
,,,,,,,,,,,,,
,,,,,,,,,,,,,
,,,,,,,,,,,,,
,,,,,,,,,,,,,
,,,,,,,,,,,,,
,,,,,,,,,,,,,
,,,,,,,,,,,,,
,,,,,,,,,,,,,
,,,,,,,,,,,,,
,,,,,,,,,,,,,
,,,,,,,,,,,,,
,,,,,,,,,,,,,
,,,,,,,,,,,,,
,,,,,,,,,,,,,
,,,,,,,,,,,,,
,,,,,,,,,,,,,
,,,,,,,,,,,,,
,,,,,,,,,,,,,
,,,,,,,,,,,,,
,,,,,,,,,,,,,
,,,,,,,,,,,,,
,,,,,,,,,,,,,
,,,,,,,,,,,,,
,,,,,,,,,,,,,
,,,,,,,,,,,,,
,,,,,,,,,,,,,
,,,,,,,,,,,,,
,,,,,,,,,,,,,
,,,,,,,,,,,,,
,,,,,,,,,,,,,
,,,,,,,,,,,,,
,,,,,,,,,,,,,
,,,,,,,,,,,,,
,,,,,,,,,,,,,
,,,,,,,,,,,,,
,,,,,,,,,,,,,
,,,,,,,,,,,,,
,,,,,,,,,,,,,
,,,,,,,,,,,,,
,,,,,,,,,,,,,
,,,,,,,,,,,,,
,,,,,,,,,,,,,
,,,,,,,,,,,,,
,,,,,,,,,,,,,
,,,,,,,,,,,,,
,,,,,,,,,,,,,
,,,,,,,,,,,,,
,,,,,,,,,,,,,
,,,,,,,,,,,,,
,,,,,,,,,,,,,
,,,,,,,,,,,,,
,,,,,,,,,,,,,
,,,,,,,,,,,,,
,,,,,,,,,,,,,
,,,,,,,,,,,,,
,,,,,,,,,,,,,
,,,,,,,,,,,,,
,,,,,,,,,,,,,
,,,,,,,,,,,,,
,,,,,,,,,,,,,
,,,,,,,,,,,,,
,,,,,,,,,,,,,
,,,,,,,,,,,,,
,,,,,,,,,,,,,
,,,,,,,,,,,,,
,,,,,,,,,,,,,
,,,,,,,,,,,,,
,,,,,,,,,,,,,
,,,,,,,,,,,,,
,,,,,,,,,,,,,
,,,,,,,,,,,,,
,,,,,,,,,,,,,
,,,,,,,,,,,,,
,,,,,,,,,,,,,
,,,,,,,,,,,,,
,,,,,,,,,,,,,
,,,,,,,,,,,,,
,,,,,,,,,,,,,
,,,,,,,,,,,,,
,,,,,,,,,,,,,
,,,,,,,,,,,,,
,,,,,,,,,,,,,
,,,,,,,,,,,,,
,,,,,,,,,,,,,
,,,,,,,,,,,,,
,,,,,,,,,,,,,
,,,,,,,,,,,,,
,,,,,,,,,,,,,
,,,,,,,,,,,,,
,,,,,,,,,,,,,
,,,,,,,,,,,,,
,,,,,,,,,,,,,
,,,,,,,,,,,,,
,,,,,,,,,,,,,
,,,,,,,,,,,,,
,,,,,,,,,,,,,
,,,,,,,,,,,,,
,,,,,,,,,,,,,
,,,,,,,,,,,,,
,,,,,,,,,,,,,
,,,,,,,,,,,,,
,,,,,,,,,,,,,
,,,,,,,,,,,,,
,,,,,,,,,,,,,
,,,,,,,,,,,,,
,,,,,,,,,,,,,
,,,,,,,,,,,,,
,,,,,,,,,,,,,
,,,,,,,,,,,,,
,,,,,,,,,,,,,
,,,,,,,,,,,,,
,,,,,,,,,,,,,
,,,,,,,,,,,,,
,,,,,,,,,,,,,
,,,,,,,,,,,,,
,,,,,,,,,,,,,
,,,,,,,,,,,,,
,,,,,,,,,,,,,
,,,,,,,,,,,,,
,,,,,,,,,,,,,
,,,,,,,,,,,,,
,,,,,,,,,,,,,
,,,,,,,,,,,,,
,,,,,,,,,,,,,
,,,,,,,,,,,,,
,,,,,,,,,,,,,
,,,,,,,,,,,,,
,,,,,,,,,,,,,
,,,,,,,,,,,,,
,,,,,,,,,,,,,
,,,,,,,,,,,,,
,,,,,,,,,,,,,
,,,,,,,,,,,,,
,,,,,,,,,,,,,
,,,,,,,,,,,,,
,,,,,,,,,,,,,
,,,,,,,,,,,,,
,,,,,,,,,,,,,
,,,,,,,,,,,,,
,,,,,,,,,,,,,
,,,,,,,,,,,,,
,,,,,,,,,,,,,
,,,,,,,,,,,,,
,,,,,,,,,,,,,
,,,,,,,,,,,,,
,,,,,,,,,,,,,
,,,,,,,,,,,,,
,,,,,,,,,,,,,
,,,,,,,,,,,,,
,,,,,,,,,,,,,
,,,,,,,,,,,,,
,,,,,,,,,,,,,
,,,,,,,,,,,,,
,,,,,,,,,,,,,
,,,,,,,,,,,,,
,,,,,,,,,,,,,
,,,,,,,,,,,,,
,,,,,,,,,,,,,
,,,,,,,,,,,,,
,,,,,,,,,,,,,
,,,,,,,,,,,,,
,,,,,,,,,,,,,
,,,,,,,,,,,,,
,,,,,,,,,,,,,
,,,,,,,,,,,,,
,,,,,,,,,,,,,
,,,,,,,,,,,,,
,,,,,,,,,,,,,
,,,,,,,,,,,,,
,,,,,,,,,,,,,
,,,,,,,,,,,,,
,,,,,,,,,,,,,
,,,,,,,,,,,,,
,,,,,,,,,,,,,
,,,,,,,,,,,,,
,,,,,,,,,,,,,
,,,,,,,,,,,,,
,,,,,,,,,,,,,
,,,,,,,,,,,,,
,,,,,,,,,,,,,
,,,,,,,,,,,,,
,,,,,,,,,,,,,
,,,,,,,,,,,,,
,,,,,,,,,,,,,
,,,,,,,,,,,,,
,,,,,,,,,,,,,
,,,,,,,,,,,,,
,,,,,,,,,,,,,
,,,,,,,,,,,,,
,,,,,,,,,,,,,
,,,,,,,,,,,,,
,,,,,,,,,,,,,
,,,,,,,,,,,,,
,,,,,,,,,,,,,
,,,,,,,,,,,,,
,,,,,,,,,,,,,
,,,,,,,,,,,,,
,,,,,,,,,,,,,
,,,,,,,,,,,,,
,,,,,,,,,,,,,
,,,,,,,,,,,,,
,,,,,,,,,,,,,
,,,,,,,,,,,,,
,,,,,,,,,,,,,
,,,,,,,,,,,,,
,,,,,,,,,,,,,
,,,,,,,,,,,,,
,,,,,,,,,,,,,
,,,,,,,,,,,,,
,,,,,,,,,,,,,
,,,,,,,,,,,,,
,,,,,,,,,,,,,
,,,,,,,,,,,,,
,,,,,,,,,,,,,
,,,,,,,,,,,,,
,,,,,,,,,,,,,
,,,,,,,,,,,,,
,,,,,,,,,,,,,
,,,,,,,,,,,,,
,,,,,,,,,,,,,
,,,,,,,,,,,,,
,,,,,,,,,,,,,
,,,,,,,,,,,,,
,,,,,,,,,,,,,
,,,,,,,,,,,,,
,,,,,,,,,,,,,
,,,,,,,,,,,,,
,,,,,,,,,,,,,
,,,,,,,,,,,,,
,,,,,,,,,,,,,
,,,,,,,,,,,,,
,,,,,,,,,,,,,
,,,,,,,,,,,,,
,,,,,,,,,,,,,
,,,,,,,,,,,,,
,,,,,,,,,,,,,
,,,,,,,,,,,,,
,,,,,,,,,,,,,
,,,,,,,,,,,,,
,,,,,,,,,,,,,
,,,,,,,,,,,,,
,,,,,,,,,,,,,
,,,,,,,,,,,,,
,,,,,,,,,,,,,
,,,,,,,,,,,,,
,,,,,,,,,,,,,
,,,,,,,,,,,,,
,,,,,,,,,,,,,
,,,,,,,,,,,,,
,,,,,,,,,,,,,
,,,,,,,,,,,,,
,,,,,,,,,,,,,
,,,,,,,,,,,,,
,,,,,,,,,,,,,
,,,,,,,,,,,,,
,,,,,,,,,,,,,
,,,,,,,,,,,,,
,,,,,,,,,,,,,
,,,,,,,,,,,,,
,,,,,,,,,,,,,
,,,,,,,,,,,,,
,,,,,,,,,,,,,
,,,,,,,,,,,,,
,,,,,,,,,,,,,
,,,,,,,,,,,,,
,,,,,,,,,,,,,
,,,,,,,,,,,,,
,,,,,,,,,,,,,
,,,,,,,,,,,,,
,,,,,,,,,,,,,
,,,,,,,,,,,,,
,,,,,,,,,,,,,
,,,,,,,,,,,,,
,,,,,,,,,,,,,
,,,,,,,,,,,,,
,,,,,,,,,,,,,
,,,,,,,,,,,,,
,,,,,,,,,,,,,
,,,,,,,,,,,,,
,,,,,,,,,,,,,
,,,,,,,,,,,,,
,,,,,,,,,,,,,
,,,,,,,,,,,,,
,,,,,,,,,,,,,
,,,,,,,,,,,,,
,,,,,,,,,,,,,
,,,,,,,,,,,,,
,,,,,,,,,,,,,
,,,,,,,,,,,,,
,,,,,,,,,,,,,
,,,,,,,,,,,,,
,,,,,,,,,,,,,
,,,,,,,,,,,,,
,,,,,,,,,,,,,
,,,,,,,,,,,,,
,,,,,,,,,,,,,
,,,,,,,,,,,,,
,,,,,,,,,,,,,
,,,,,,,,,,,,,
,,,,,,,,,,,,,
,,,,,,,,,,,,,
,,,,,,,,,,,,,
,,,,,,,,,,,,,
,,,,,,,,,,,,,
,,,,,,,,,,,,,
,,,,,,,,,,,,,
,,,,,,,,,,,,,
,,,,,,,,,,,,,
,,,,,,,,,,,,,
,,,,,,,,,,,,,
,,,,,,,,,,,,,
,,,,,,,,,,,,,
,,,,,,,,,,,,,
,,,,,,,,,,,,,
,,,,,,,,,,,,,
,,,,,,,,,,,,,
,,,,,,,,,,,,,
,,,,,,,,,,,,,
,,,,,,,,,,,,,
,,,,,,,,,,,,,
,,,,,,,,,,,,,
,,,,,,,,,,,,,
,,,,,,,,,,,,,
,,,,,,,,,,,,,
,,,,,,,,,,,,,
,,,,,,,,,,,,,
,,,,,,,,,,,,,
,,,,,,,,,,,,,
,,,,,,,,,,,,,
,,,,,,,,,,,,,
,,,,,,,,,,,,,
,,,,,,,,,,,,,
,,,,,,,,,,,,,
,,,,,,,,,,,,,
,,,,,,,,,,,,,
,,,,,,,,,,,,,
,,,,,,,,,,,,,
,,,,,,,,,,,,,
,,,,,,,,,,,,,
,,,,,,,,,,,,,
,,,,,,,,,,,,,
,,,,,,,,,,,,,
,,,,,,,,,,,,,
,,,,,,,,,,,,,
,,,,,,,,,,,,,
,,,,,,,,,,,,,
,,,,,,,,,,,,,
,,,,,,,,,,,,,
,,,,,,,,,,,,,
,,,,,,,,,,,,,
,,,,,,,,,,,,,
,,,,,,,,,,,,,
,,,,,,,,,,,,,
,,,,,,,,,,,,,
,,,,,,,,,,,,,
,,,,,,,,,,,,,
,,,,,,,,,,,,,
,,,,,,,,,,,,,
,,,,,,,,,,,,,
,,,,,,,,,,,,,
,,,,,,,,,,,,,
,,,,,,,,,,,,,
,,,,,,,,,,,,,
,,,,,,,,,,,,,
,,,,,,,,,,,,,
,,,,,,,,,,,,,
,,,,,,,,,,,,,
,,,,,,,,,,,,,
,,,,,,,,,,,,,
,,,,,,,,,,,,,
,,,,,,,,,,,,,
,,,,,,,,,,,,,
,,,,,,,,,,,,,
,,,,,,,,,,,,,
,,,,,,,,,,,,,
,,,,,,,,,,,,,
,,,,,,,,,,,,,
,,,,,,,,,,,,,
,,,,,,,,,,,,,
,,,,,,,,,,,,,
,,,,,,,,,,,,,
,,,,,,,,,,,,,
,,,,,,,,,,,,,
,,,,,,,,,,,,,
,,,,,,,,,,,,,
,,,,,,,,,,,,,
,,,,,,,,,,,,,
,,,,,,,,,,,,,
,,,,,,,,,,,,,
,,,,,,,,,,,,,
,,,,,,,,,,,,,
,,,,,,,,,,,,,
,,,,,,,,,,,,,
,,,,,,,,,,,,,
,,,,,,,,,,,,,
,,,,,,,,,,,,,
,,,,,,,,,,,,,
,,,,,,,,,,,,,
,,,,,,,,,,,,,
,,,,,,,,,,,,,
,,,,,,,,,,,,,
,,,,,,,,,,,,,
,,,,,,,,,,,,,
,,,,,,,,,,,,,
,,,,,,,,,,,,,
,,,,,,,,,,,,,
,,,,,,,,,,,,,
,,,,,,,,,,,,,
,,,,,,,,,,,,,
,,,,,,,,,,,,,
,,,,,,,,,,,,,
,,,,,,,,,,,,,
,,,,,,,,,,,,,
,,,,,,,,,,,,,
,,,,,,,,,,,,,
,,,,,,,,,,,,,
,,,,,,,,,,,,,
,,,,,,,,,,,,,
,,,,,,,,,,,,,
,,,,,,,,,,,,,
,,,,,,,,,,,,,
,,,,,,,,,,,,,
,,,,,,,,,,,,,
,,,,,,,,,,,,,
,,,,,,,,,,,,,
,,,,,,,,,,,,,
,,,,,,,,,,,,,
,,,,,,,,,,,,,
,,,,,,,,,,,,,
,,,,,,,,,,,,,
,,,,,,,,,,,,,
,,,,,,,,,,,,,
,,,,,,,,,,,,,
,,,,,,,,,,,,,
,,,,,,,,,,,,,
,,,,,,,,,,,,,
,,,,,,,,,,,,,
,,,,,,,,,,,,,
,,,,,,,,,,,,,
,,,,,,,,,,,,,
,,,,,,,,,,,,,
,,,,,,,,,,,,,
,,,,,,,,,,,,,
,,,,,,,,,,,,,
,,,,,,,,,,,,,
,,,,,,,,,,,,,
,,,,,,,,,,,,,
,,,,,,,,,,,,,
,,,,,,,,,,,,,
,,,,,,,,,,,,,
,,,,,,,,,,,,,
,,,,,,,,,,,,,
,,,,,,,,,,,,,
,,,,,,,,,,,,,
,,,,,,,,,,,,,
,,,,,,,,,,,,,
,,,,,,,,,,,,,
,,,,,,,,,,,,,
,,,,,,,,,,,,,
,,,,,,,,,,,,,
,,,,,,,,,,,,,
,,,,,,,,,,,,,
,,,,,,,,,,,,,
,,,,,,,,,,,,,
,,,,,,,,,,,,,
,,,,,,,,,,,,,
,,,,,,,,,,,,,
,,,,,,,,,,,,,
,,,,,,,,,,,,,
,,,,,,,,,,,,,
,,,,,,,,,,,,,
,,,,,,,,,,,,,
,,,,,,,,,,,,,
,,,,,,,,,,,,,
,,,,,,,,,,,,,
,,,,,,,,,,,,,
,,,,,,,,,,,,,
,,,,,,,,,,,,,
,,,,,,,,,,,,,
,,,,,,,,,,,,,
,,,,,,,,,,,,,
,,,,,,,,,,,,,
,,,,,,,,,,,,,
,,,,,,,,,,,,,
,,,,,,,,,,,,,
,,,,,,,,,,,,,
,,,,,,,,,,,,,
,,,,,,,,,,,,,
,,,,,,,,,,,,,
,,,,,,,,,,,,,
,,,,,,,,,,,,,
,,,,,,,,,,,,,
,,,,,,,,,,,,,
,,,,,,,,,,,,,
,,,,,,,,,,,,,
,,,,,,,,,,,,,
,,,,,,,,,,,,,
,,,,,,,,,,,,,
,,,,,,,,,,,,,
,,,,,,,,,,,,,
,,,,,,,,,,,,,
,,,,,,,,,,,,,
,,,,,,,,,,,,,
,,,,,,,,,,,,,
,,,,,,,,,,,,,
,,,,,,,,,,,,,
,,,,,,,,,,,,,
,,,,,,,,,,,,,
,,,,,,,,,,,,,
,,,,,,,,,,,,,
,,,,,,,,,,,,,
,,,,,,,,,,,,,
,,,,,,,,,,,,,
,,,,,,,,,,,,,
,,,,,,,,,,,,,
,,,,,,,,,,,,,
,,,,,,,,,,,,,
,,,,,,,,,,,,,
,,,,,,,,,,,,,
,,,,,,,,,,,,,
,,,,,,,,,,,,,
,,,,,,,,,,,,,
,,,,,,,,,,,,,
,,,,,,,,,,,,,
,,,,,,,,,,,,,
,,,,,,,,,,,,,
,,,,,,,,,,,,,
,,,,,,,,,,,,,
,,,,,,,,,,,,,
,,,,,,,,,,,,,
,,,,,,,,,,,,,
,,,,,,,,,,,,,
,,,,,,,,,,,,,
,,,,,,,,,,,,,
,,,,,,,,,,,,,
,,,,,,,,,,,,,
,,,,,,,,,,,,,
,,,,,,,,,,,,,
,,,,,,,,,,,,,
,,,,,,,,,,,,,
,,,,,,,,,,,,,
,,,,,,,,,,,,,
,,,,,,,,,,,,,
,,,,,,,,,,,,,
,,,,,,,,,,,,,
,,,,,,,,,,,,,
,,,,,,,,,,,,,
,,,,,,,,,,,,,
,,,,,,,,,,,,,
,,,,,,,,,,,,,
,,,,,,,,,,,,,
,,,,,,,,,,,,,
,,,,,,,,,,,,,
,,,,,,,,,,,,,
,,,,,,,,,,,,,
,,,,,,,,,,,,,
,,,,,,,,,,,,,
,,,,,,,,,,,,,
,,,,,,,,,,,,,
,,,,,,,,,,,,,
,,,,,,,,,,,,,
,,,,,,,,,,,,,
,,,,,,,,,,,,,
,,,,,,,,,,,,,
,,,,,,,,,,,,,
,,,,,,,,,,,,,
,,,,,,,,,,,,,
,,,,,,,,,,,,,
,,,,,,,,,,,,,
,,,,,,,,,,,,,
,,,,,,,,,,,,,
,,,,,,,,,,,,,
,,,,,,,,,,,,,
,,,,,,,,,,,,,
,,,,,,,,,,,,,
,,,,,,,,,,,,,
,,,,,,,,,,,,,
,,,,,,,,,,,,,
,,,,,,,,,,,,,
,,,,,,,,,,,,,
,,,,,,,,,,,,,
,,,,,,,,,,,,,
,,,,,,,,,,,,,
,,,,,,,,,,,,,
,,,,,,,,,,,,,
,,,,,,,,,,,,,
,,,,,,,,,,,,,
,,,,,,,,,,,,,
,,,,,,,,,,,,,
,,,,,,,,,,,,,
,,,,,,,,,,,,,
,,,,,,,,,,,,,
,,,,,,,,,,,,,
,,,,,,,,,,,,,
,,,,,,,,,,,,,
,,,,,,,,,,,,,
,,,,,,,,,,,,,
,,,,,,,,,,,,,
,,,,,,,,,,,,,
,,,,,,,,,,,,,
,,,,,,,,,,,,,
,,,,,,,,,,,,,
,,,,,,,,,,,,,
,,,,,,,,,,,,,
,,,,,,,,,,,,,
,,,,,,,,,,,,,
,,,,,,,,,,,,,
,,,,,,,,,,,,,
,,,,,,,,,,,,,
,,,,,,,,,,,,,
,,,,,,,,,,,,,
,,,,,,,,,,,,,
,,,,,,,,,,,,,
,,,,,,,,,,,,,
,,,,,,,,,,,,,
,,,,,,,,,,,,,
,,,,,,,,,,,,,
,,,,,,,,,,,,,
,,,,,,,,,,,,,
,,,,,,,,,,,,,
,,,,,,,,,,,,,
,,,,,,,,,,,,,
,,,,,,,,,,,,,
,,,,,,,,,,,,,
,,,,,,,,,,,,,
,,,,,,,,,,,,,
,,,,,,,,,,,,,
,,,,,,,,,,,,,
,,,,,,,,,,,,,
,,,,,,,,,,,,,
,,,,,,,,,,,,,
,,,,,,,,,,,,,
,,,,,,,,,,,,,
,,,,,,,,,,,,,
,,,,,,,,,,,,,
,,,,,,,,,,,,,
,,,,,,,,,,,,,
,,,,,,,,,,,,,
,,,,,,,,,,,,,
,,,,,,,,,,,,,
,,,,,,,,,,,,,
,,,,,,,,,,,,,
,,,,,,,,,,,,,
,,,,,,,,,,,,,
,,,,,,,,,,,,,
,,,,,,,,,,,,,
,,,,,,,,,,,,,
,,,,,,,,,,,,,
,,,,,,,,,,,,,
,,,,,,,,,,,,,
,,,,,,,,,,,,,
,,,,,,,,,,,,,
,,,,,,,,,,,,,
,,,,,,,,,,,,,
,,,,,,,,,,,,,
,,,,,,,,,,,,,
,,,,,,,,,,,,,
,,,,,,,,,,,,,
,,,,,,,,,,,,,
,,,,,,,,,,,,,
,,,,,,,,,,,,,
,,,,,,,,,,,,,
,,,,,,,,,,,,,
,,,,,,,,,,,,,
,,,,,,,,,,,,,
,,,,,,,,,,,,,
,,,,,,,,,,,,,
,,,,,,,,,,,,,
,,,,,,,,,,,,,
,,,,,,,,,,,,,
,,,,,,,,,,,,,
,,,,,,,,,,,,,
,,,,,,,,,,,,,
,,,,,,,,,,,,,
,,,,,,,,,,,,,
,,,,,,,,,,,,,
,,,,,,,,,,,,,
,,,,,,,,,,,,,
,,,,,,,,,,,,,
,,,,,,,,,,,,,
,,,,,,,,,,,,,
,,,,,,,,,,,,,
,,,,,,,,,,,,,
,,,,,,,,,,,,,
,,,,,,,,,,,,,
,,,,,,,,,,,,,
,,,,,,,,,,,,,
,,,,,,,,,,,,,
,,,,,,,,,,,,,
,,,,,,,,,,,,,
,,,,,,,,,,,,,
,,,,,,,,,,,,,
,,,,,,,,,,,,,
,,,,,,,,,,,,,
,,,,,,,,,,,,,
,,,,,,,,,,,,,
,,,,,,,,,,,,,
,,,,,,,,,,,,,
,,,,,,,,,,,,,
,,,,,,,,,,,,,
,,,,,,,,,,,,,
,,,,,,,,,,,,,
,,,,,,,,,,,,,
,,,,,,,,,,,,,
,,,,,,,,,,,,,
,,,,,,,,,,,,,
,,,,,,,,,,,,,
,,,,,,,,,,,,,
,,,,,,,,,,,,,
,,,,,,,,,,,,,
,,,,,,,,,,,,,
,,,,,,,,,,,,,
,,,,,,,,,,,,,
,,,,,,,,,,,,,
,,,,,,,,,,,,,
,,,,,,,,,,,,,
,,,,,,,,,,,,,
,,,,,,,,,,,,,
,,,,,,,,,,,,,
,,,,,,,,,,,,,
,,,,,,,,,,,,,
,,,,,,,,,,,,,
,,,,,,,,,,,,,
,,,,,,,,,,,,,
,,,,,,,,,,,,,
,,,,,,,,,,,,,
,,,,,,,,,,,,,
,,,,,,,,,,,,,
,,,,,,,,,,,,,
,,,,,,,,,,,,,
,,,,,,,,,,,,,
,,,,,,,,,,,,,
,,,,,,,,,,,,,
,,,,,,,,,,,,,
,,,,,,,,,,,,,
,,,,,,,,,,,,,
,,,,,,,,,,,,,
,,,,,,,,,,,,,
,,,,,,,,,,,,,
,,,,,,,,,,,,,
,,,,,,,,,,,,,
,,,,,,,,,,,,,
,,,,,,,,,,,,,
,,,,,,,,,,,,,
,,,,,,,,,,,,,
,,,,,,,,,,,,,
,,,,,,,,,,,,,
,,,,,,,,,,,,,
,,,,,,,,,,,,,
,,,,,,,,,,,,,
,,,,,,,,,,,,,
,,,,,,,,,,,,,
,,,,,,,,,,,,,
,,,,,,,,,,,,,
,,,,,,,,,,,,,
,,,,,,,,,,,,,
,,,,,,,,,,,,,
,,,,,,,,,,,,,
,,,,,,,,,,,,,
,,,,,,,,,,,,,
,,,,,,,,,,,,,
,,,,,,,,,,,,,
,,,,,,,,,,,,,
,,,,,,,,,,,,,
,,,,,,,,,,,,,
,,,,,,,,,,,,,
,,,,,,,,,,,,,
,,,,,,,,,,,,,
,,,,,,,,,,,,,
,,,,,,,,,,,,,
,,,,,,,,,,,,,
,,,,,,,,,,,,,
,,,,,,,,,,,,,
,,,,,,,,,,,,,
,,,,,,,,,,,,,
,,,,,,,,,,,,,
,,,,,,,,,,,,,
,,,,,,,,,,,,,
,,,,,,,,,,,,,
,,,,,,,,,,,,,
,,,,,,,,,,,,,
,,,,,,,,,,,,,
,,,,,,,,,,,,,
,,,,,,,,,,,,,
,,,,,,,,,,,,,
,,,,,,,,,,,,,
,,,,,,,,,,,,,
,,,,,,,,,,,,,
,,,,,,,,,,,,,
,,,,,,,,,,,,,
,,,,,,,,,,,,,
,,,,,,,,,,,,,
,,,,,,,,,,,,,
,,,,,,,,,,,,,
,,,,,,,,,,,,,
,,,,,,,,,,,,,
,,,,,,,,,,,,,
,,,,,,,,,,,,,
,,,,,,,,,,,,,
,,,,,,,,,,,,,
,,,,,,,,,,,,,
,,,,,,,,,,,,,
,,,,,,,,,,,,,
,,,,,,,,,,,,,
,,,,,,,,,,,,,
,,,,,,,,,,,,,
,,,,,,,,,,,,,
,,,,,,,,,,,,,
,,,,,,,,,,,,,
,,,,,,,,,,,,,
,,,,,,,,,,,,,
,,,,,,,,,,,,,
,,,,,,,,,,,,,
,,,,,,,,,,,,,
,,,,,,,,,,,,,
,,,,,,,,,,,,,
,,,,,,,,,,,,,
,,,,,,,,,,,,,
,,,,,,,,,,,,,
,,,,,,,,,,,,,
,,,,,,,,,,,,,
,,,,,,,,,,,,,
,,,,,,,,,,,,,
,,,,,,,,,,,,,
,,,,,,,,,,,,,
,,,,,,,,,,,,,
,,,,,,,,,,,,,
,,,,,,,,,,,,,
,,,,,,,,,,,,,
,,,,,,,,,,,,,
,,,,,,,,,,,,,
,,,,,,,,,,,,,
,,,,,,,,,,,,,
,,,,,,,,,,,,,
,,,,,,,,,,,,,
,,,,,,,,,,,,,
,,,,,,,,,,,,,
,,,,,,,,,,,,,
,,,,,,,,,,,,,
,,,,,,,,,,,,,
,,,,,,,,,,,,,
,,,,,,,,,,,,,
,,,,,,,,,,,,,
,,,,,,,,,,,,,
,,,,,,,,,,,,,
,,,,,,,,,,,,,
,,,,,,,,,,,,,
,,,,,,,,,,,,,
,,,,,,,,,,,,,
,,,,,,,,,,,,,
,,,,,,,,,,,,,
,,,,,,,,,,,,,
,,,,,,,,,,,,,
,,,,,,,,,,,,,
,,,,,,,,,,,,,
,,,,,,,,,,,,,
,,,,,,,,,,,,,
,,,,,,,,,,,,,
,,,,,,,,,,,,,
,,,,,,,,,,,,,
,,,,,,,,,,,,,
,,,,,,,,,,,,,
,,,,,,,,,,,,,
,,,,,,,,,,,,,
,,,,,,,,,,,,,
,,,,,,,,,,,,,
,,,,,,,,,,,,,
,,,,,,,,,,,,,
,,,,,,,,,,,,,
,,,,,,,,,,,,,
,,,,,,,,,,,,,
,,,,,,,,,,,,,
,,,,,,,,,,,,,
,,,,,,,,,,,,,
,,,,,,,,,,,,,
,,,,,,,,,,,,,
,,,,,,,,,,,,,
,,,,,,,,,,,,,
,,,,,,,,,,,,,
,,,,,,,,,,,,,
,,,,,,,,,,,,,
,,,,,,,,,,,,,
,,,,,,,,,,,,,
,,,,,,,,,,,,,
,,,,,,,,,,,,,
,,,,,,,,,,,,,
,,,,,,,,,,,,,
,,,,,,,,,,,,,
,,,,,,,,,,,,,
,,,,,,,,,,,,,
,,,,,,,,,,,,,
,,,,,,,,,,,,,
,,,,,,,,,,,,,
,,,,,,,,,,,,,
,,,,,,,,,,,,,
,,,,,,,,,,,,,
,,,,,,,,,,,,,
,,,,,,,,,,,,,
,,,,,,,,,,,,,
,,,,,,,,,,,,,
,,,,,,,,,,,,,
,,,,,,,,,,,,,
,,,,,,,,,,,,,
,,,,,,,,,,,,,
,,,,,,,,,,,,,
,,,,,,,,,,,,,
,,,,,,,,,,,,,
,,,,,,,,,,,,,
,,,,,,,,,,,,,
,,,,,,,,,,,,,
,,,,,,,,,,,,,
,,,,,,,,,,,,,
,,,,,,,,,,,,,
,,,,,,,,,,,,,
,,,,,,,,,,,,,
,,,,,,,,,,,,,
,,,,,,,,,,,,,
,,,,,,,,,,,,,
,,,,,,,,,,,,,
,,,,,,,,,,,,,
,,,,,,,,,,,,,
,,,,,,,,,,,,,
,,,,,,,,,,,,,
,,,,,,,,,,,,,
,,,,,,,,,,,,,
,,,,,,,,,,,,,
,,,,,,,,,,,,,
,,,,,,,,,,,,,
,,,,,,,,,,,,,
,,,,,,,,,,,,,
,,,,,,,,,,,,,
,,,,,,,,,,,,,
,,,,,,,,,,,,,
,,,,,,,,,,,,,
,,,,,,,,,,,,,
,,,,,,,,,,,,,
,,,,,,,,,,,,,
,,,,,,,,,,,,,
,,,,,,,,,,,,,
,,,,,,,,,,,,,
,,,,,,,,,,,,,
,,,,,,,,,,,,,
,,,,,,,,,,,,,
,,,,,,,,,,,,,
,,,,,,,,,,,,,
,,,,,,,,,,,,,
,,,,,,,,,,,,,
,,,,,,,,,,,,,
,,,,,,,,,,,,,
,,,,,,,,,,,,,
,,,,,,,,,,,,,
,,,,,,,,,,,,,
,,,,,,,,,,,,,
,,,,,,,,,,,,,
,,,,,,,,,,,,,
,,,,,,,,,,,,,
,,,,,,,,,,,,,
,,,,,,,,,,,,,
,,,,,,,,,,,,,
,,,,,,,,,,,,,
,,,,,,,,,,,,,
,,,,,,,,,,,,,
,,,,,,,,,,,,,
,,,,,,,,,,,,,
,,,,,,,,,,,,,
,,,,,,,,,,,,,
,,,,,,,,,,,,,
,,,,,,,,,,,,,
,,,,,,,,,,,,,
,,,,,,,,,,,,,
,,,,,,,,,,,,,
,,,,,,,,,,,,,
,,,,,,,,,,,,,
,,,,,,,,,,,,,
,,,,,,,,,,,,,
,,,,,,,,,,,,,
,,,,,,,,,,,,,
,,,,,,,,,,,,,
,,,,,,,,,,,,,
,,,,,,,,,,,,,
,,,,,,,,,,,,,
,,,,,,,,,,,,,
,,,,,,,,,,,,,
,,,,,,,,,,,,,
,,,,,,,,,,,,,
,,,,,,,,,,,,,
,,,,,,,,,,,,,
,,,,,,,,,,,,,
,,,,,,,,,,,,,
,,,,,,,,,,,,,
,,,,,,,,,,,,,
,,,,,,,,,,,,,
,,,,,,,,,,,,,
,,,,,,,,,,,,,
,,,,,,,,,,,,,
,,,,,,,,,,,,,
,,,,,,,,,,,,,
,,,,,,,,,,,,,
,,,,,,,,,,,,,
,,,,,,,,,,,,,
,,,,,,,,,,,,,
,,,,,,,,,,,,,
,,,,,,,,,,,,,
,,,,,,,,,,,,,
,,,,,,,,,,,,,
,,,,,,,,,,,,,
,,,,,,,,,,,,,
,,,,,,,,,,,,,
,,,,,,,,,,,,,
,,,,,,,,,,,,,
,,,,,,,,,,,,,
,,,,,,,,,,,,,
,,,,,,,,,,,,,
,,,,,,,,,,,,,
,,,,,,,,,,,,,
,,,,,,,,,,,,,
,,,,,,,,,,,,,
,,,,,,,,,,,,,
,,,,,,,,,,,,,
,,,,,,,,,,,,,
,,,,,,,,,,,,,
,,,,,,,,,,,,,
,,,,,,,,,,,,,
,,,,,,,,,,,,,
,,,,,,,,,,,,,
,,,,,,,,,,,,,
,,,,,,,,,,,,,
,,,,,,,,,,,,,
,,,,,,,,,,,,,
,,,,,,,,,,,,,
,,,,,,,,,,,,,
,,,,,,,,,,,,,
,,,,,,,,,,,,,
,,,,,,,,,,,,,
,,,,,,,,,,,,,
,,,,,,,,,,,,,
,,,,,,,,,,,,,
,,,,,,,,,,,,,
,,,,,,,,,,,,,
,,,,,,,,,,,,,
,,,,,,,,,,,,,
,,,,,,,,,,,,,
,,,,,,,,,,,,,
,,,,,,,,,,,,,
,,,,,,,,,,,,,
,,,,,,,,,,,,,
,,,,,,,,,,,,,
,,,,,,,,,,,,,
,,,,,,,,,,,,,
,,,,,,,,,,,,,
,,,,,,,,,,,,,
,,,,,,,,,,,,,
,,,,,,,,,,,,,
,,,,,,,,,,,,,
,,,,,,,,,,,,,
,,,,,,,,,,,,,
,,,,,,,,,,,,,
,,,,,,,,,,,,,
,,,,,,,,,,,,,
,,,,,,,,,,,,,
,,,,,,,,,,,,,
,,,,,,,,,,,,,
,,,,,,,,,,,,,
,,,,,,,,,,,,,
,,,,,,,,,,,,,
,,,,,,,,,,,,,
,,,,,,,,,,,,,
,,,,,,,,,,,,,
,,,,,,,,,,,,,
,,,,,,,,,,,,,
,,,,,,,,,,,,,
,,,,,,,,,,,,,
,,,,,,,,,,,,,
,,,,,,,,,,,,,
,,,,,,,,,,,,,
,,,,,,,,,,,,,
,,,,,,,,,,,,,
,,,,,,,,,,,,,
,,,,,,,,,,,,,
,,,,,,,,,,,,,
,,,,,,,,,,,,,
,,,,,,,,,,,,,
,,,,,,,,,,,,,
,,,,,,,,,,,,,
,,,,,,,,,,,,,
,,,,,,,,,,,,,
,,,,,,,,,,,,,
,,,,,,,,,,,,,
,,,,,,,,,,,,,
,,,,,,,,,,,,,
,,,,,,,,,,,,,
,,,,,,,,,,,,,
,,,,,,,,,,,,,
,,,,,,,,,,,,,
,,,,,,,,,,,,,
,,,,,,,,,,,,,
,,,,,,,,,,,,,
,,,,,,,,,,,,,
,,,,,,,,,,,,,
,,,,,,,,,,,,,
,,,,,,,,,,,,,
,,,,,,,,,,,,,
,,,,,,,,,,,,,
,,,,,,,,,,,,,
,,,,,,,,,,,,,
,,,,,,,,,,,,,
,,,,,,,,,,,,,
,,,,,,,,,,,,,
,,,,,,,,,,,,,
,,,,,,,,,,,,,
,,,,,,,,,,,,,
,,,,,,,,,,,,,
,,,,,,,,,,,,,
,,,,,,,,,,,,,
,,,,,,,,,,,,,
,,,,,,,,,,,,,
,,,,,,,,,,,,,
,,,,,,,,,,,,,
,,,,,,,,,,,,,
,,,,,,,,,,,,,
,,,,,,,,,,,,,
,,,,,,,,,,,,,
,,,,,,,,,,,,,
,,,,,,,,,,,,,
,,,,,,,,,,,,,
,,,,,,,,,,,,,
,,,,,,,,,,,,,
,,,,,,,,,,,,,
,,,,,,,,,,,,,
,,,,,,,,,,,,,
,,,,,,,,,,,,,
,,,,,,,,,,,,,
,,,,,,,,,,,,,
,,,,,,,,,,,,,
,,,,,,,,,,,,,
,,,,,,,,,,,,,
,,,,,,,,,,,,,
,,,,,,,,,,,,,
,,,,,,,,,,,,,
,,,,,,,,,,,,,
,,,,,,,,,,,,,
,,,,,,,,,,,,,
,,,,,,,,,,,,,
,,,,,,,,,,,,,
,,,,,,,,,,,,,
,,,,,,,,,,,,,
,,,,,,,,,,,,,
,,,,,,,,,,,,,
,,,,,,,,,,,,,
,,,,,,,,,,,,,
,,,,,,,,,,,,,
,,,,,,,,,,,,,
,,,,,,,,,,,,,
,,,,,,,,,,,,,
,,,,,,,,,,,,,
,,,,,,,,,,,,,
,,,,,,,,,,,,,
,,,,,,,,,,,,,
,,,,,,,,,,,,,
,,,,,,,,,,,,,
,,,,,,,,,,,,,
,,,,,,,,,,,,,
,,,,,,,,,,,,,
,,,,,,,,,,,,,
,,,,,,,,,,,,,
,,,,,,,,,,,,,
,,,,,,,,,,,,,
,,,,,,,,,,,,,
,,,,,,,,,,,,,
,,,,,,,,,,,,,
,,,,,,,,,,,,,
,,,,,,,,,,,,,
,,,,,,,,,,,,,
,,,,,,,,,,,,,
,,,,,,,,,,,,,
,,,,,,,,,,,,,
,,,,,,,,,,,,,
,,,,,,,,,,,,,
,,,,,,,,,,,,,
,,,,,,,,,,,,,
,,,,,,,,,,,,,
,,,,,,,,,,,,,
,,,,,,,,,,,,,
,,,,,,,,,,,,,
,,,,,,,,,,,,,
,,,,,,,,,,,,,
,,,,,,,,,,,,,
,,,,,,,,,,,,,
,,,,,,,,,,,,,
,,,,,,,,,,,,,
,,,,,,,,,,,,,
,,,,,,,,,,,,,
,,,,,,,,,,,,,
,,,,,,,,,,,,,
,,,,,,,,,,,,,
,,,,,,,,,,,,,
,,,,,,,,,,,,,
,,,,,,,,,,,,,
,,,,,,,,,,,,,
,,,,,,,,,,,,,
,,,,,,,,,,,,,
,,,,,,,,,,,,,
,,,,,,,,,,,,,
,,,,,,,,,,,,,
,,,,,,,,,,,,,
,,,,,,,,,,,,,
,,,,,,,,,,,,,
,,,,,,,,,,,,,
,,,,,,,,,,,,,
,,,,,,,,,,,,,
,,,,,,,,,,,,,
,,,,,,,,,,,,,
,,,,,,,,,,,,,
,,,,,,,,,,,,,
,,,,,,,,,,,,,
,,,,,,,,,,,,,
,,,,,,,,,,,,,
,,,,,,,,,,,,,
,,,,,,,,,,,,,
,,,,,,,,,,,,,
,,,,,,,,,,,,,
,,,,,,,,,,,,,
,,,,,,,,,,,,,
,,,,,,,,,,,,,
,,,,,,,,,,,,,
,,,,,,,,,,,,,
,,,,,,,,,,,,,
,,,,,,,,,,,,,
,,,,,,,,,,,,,
,,,,,,,,,,,,,
,,,,,,,,,,,,,
,,,,,,,,,,,,,
,,,,,,,,,,,,,
,,,,,,,,,,,,,
,,,,,,,,,,,,,
,,,,,,,,,,,,,
,,,,,,,,,,,,,
,,,,,,,,,,,,,
,,,,,,,,,,,,,
,,,,,,,,,,,,,
,,,,,,,,,,,,,
,,,,,,,,,,,,,
,,,,,,,,,,,,,
,,,,,,,,,,,,,
,,,,,,,,,,,,,
,,,,,,,,,,,,,
,,,,,,,,,,,,,
,,,,,,,,,,,,,
,,,,,,,,,,,,,
,,,,,,,,,,,,,
,,,,,,,,,,,,,
,,,,,,,,,,,,,
,,,,,,,,,,,,,
,,,,,,,,,,,,,
,,,,,,,,,,,,,
,,,,,,,,,,,,,
,,,,,,,,,,,,,
,,,,,,,,,,,,,
,,,,,,,,,,,,,
,,,,,,,,,,,,,
,,,,,,,,,,,,,
,,,,,,,,,,,,,
,,,,,,,,,,,,,
,,,,,,,,,,,,,
,,,,,,,,,,,,,
,,,,,,,,,,,,,
,,,,,,,,,,,,,
,,,,,,,,,,,,,
,,,,,,,,,,,,,
,,,,,,,,,,,,,
,,,,,,,,,,,,,
,,,,,,,,,,,,,
,,,,,,,,,,,,,
,,,,,,,,,,,,,
,,,,,,,,,,,,,
,,,,,,,,,,,,,
,,,,,,,,,,,,,
,,,,,,,,,,,,,
,,,,,,,,,,,,,
,,,,,,,,,,,,,
,,,,,,,,,,,,,
,,,,,,,,,,,,,
,,,,,,,,,,,,,
,,,,,,,,,,,,,
,,,,,,,,,,,,,
,,,,,,,,,,,,,
,,,,,,,,,,,,,
,,,,,,,,,,,,,
,,,,,,,,,,,,,
,,,,,,,,,,,,,
,,,,,,,,,,,,,
,,,,,,,,,,,,,
,,,,,,,,,,,,,
,,,,,,,,,,,,,
,,,,,,,,,,,,,
,,,,,,,,,,,,,
,,,,,,,,,,,,,
,,,,,,,,,,,,,
,,,,,,,,,,,,,
,,,,,,,,,,,,,
,,,,,,,,,,,,,
,,,,,,,,,,,,,
,,,,,,,,,,,,,
,,,,,,,,,,,,,
,,,,,,,,,,,,,
,,,,,,,,,,,,,
,,,,,,,,,,,,,
,,,,,,,,,,,,,
,,,,,,,,,,,,,
,,,,,,,,,,,,,
,,,,,,,,,,,,,
,,,,,,,,,,,,,
,,,,,,,,,,,,,
,,,,,,,,,,,,,
,,,,,,,,,,,,,
,,,,,,,,,,,,,
,,,,,,,,,,,,,
,,,,,,,,,,,,,
,,,,,,,,,,,,,
,,,,,,,,,,,,,
,,,,,,,,,,,,,
,,,,,,,,,,,,,
,,,,,,,,,,,,,
,,,,,,,,,,,,,
,,,,,,,,,,,,,
,,,,,,,,,,,,,
,,,,,,,,,,,,,
,,,,,,,,,,,,,
,,,,,,,,,,,,,
,,,,,,,,,,,,,
,,,,,,,,,,,,,
,,,,,,,,,,,,,
,,,,,,,,,,,,,
,,,,,,,,,,,,,
,,,,,,,,,,,,,
,,,,,,,,,,,,,
,,,,,,,,,,,,,
,,,,,,,,,,,,,
,,,,,,,,,,,,,
,,,,,,,,,,,,,
,,,,,,,,,,,,,
,,,,,,,,,,,,,
,,,,,,,,,,,,,
,,,,,,,,,,,,,
,,,,,,,,,,,,,
,,,,,,,,,,,,,
,,,,,,,,,,,,,
,,,,,,,,,,,,,
,,,,,,,,,,,,,
,,,,,,,,,,,,,
,,,,,,,,,,,,,
,,,,,,,,,,,,,
,,,,,,,,,,,,,
,,,,,,,,,,,,,
,,,,,,,,,,,,,
,,,,,,,,,,,,,
,,,,,,,,,,,,,
,,,,,,,,,,,,,
,,,,,,,,,,,,,
,,,,,,,,,,,,,
,,,,,,,,,,,,,
,,,,,,,,,,,,,
,,,,,,,,,,,,,
,,,,,,,,,,,,,
,,,,,,,,,,,,,
,,,,,,,,,,,,,
,,,,,,,,,,,,,
,,,,,,,,,,,,,
,,,,,,,,,,,,,
,,,,,,,,,,,,,
,,,,,,,,,,,,,
,,,,,,,,,,,,,
,,,,,,,,,,,,,
,,,,,,,,,,,,,
,,,,,,,,,,,,,
,,,,,,,,,,,,,
,,,,,,,,,,,,,
,,,,,,,,,,,,,
,,,,,,,,,,,,,
,,,,,,,,,,,,,
,,,,,,,,,,,,,
,,,,,,,,,,,,,
,,,,,,,,,,,,,
,,,,,,,,,,,,,
,,,,,,,,,,,,,
,,,,,,,,,,,,,
,,,,,,,,,,,,,
,,,,,,,,,,,,,
,,,,,,,,,,,,,
,,,,,,,,,,,,,
,,,,,,,,,,,,,
,,,,,,,,,,,,,
,,,,,,,,,,,,,
,,,,,,,,,,,,,
,,,,,,,,,,,,,
,,,,,,,,,,,,,
,,,,,,,,,,,,,
,,,,,,,,,,,,,
,,,,,,,,,,,,,
,,,,,,,,,,,,,
,,,,,,,,,,,,,
,,,,,,,,,,,,,
,,,,,,,,,,,,,
,,,,,,,,,,,,,
,,,,,,,,,,,,,
,,,,,,,,,,,,,
,,,,,,,,,,,,,
,,,,,,,,,,,,,
,,,,,,,,,,,,,
,,,,,,,,,,,,,
,,,,,,,,,,,,,
,,,,,,,,,,,,,
,,,,,,,,,,,,,
,,,,,,,,,,,,,
,,,,,,,,,,,,,
,,,,,,,,,,,,,
,,,,,,,,,,,,,
,,,,,,,,,,,,,
,,,,,,,,,,,,,
,,,,,,,,,,,,,
,,,,,,,,,,,,,
,,,,,,,,,,,,,
,,,,,,,,,,,,,
,,,,,,,,,,,,,
,,,,,,,,,,,,,
,,,,,,,,,,,,,
,,,,,,,,,,,,,
,,,,,,,,,,,,,
,,,,,,,,,,,,,
,,,,,,,,,,,,,
,,,,,,,,,,,,,
,,,,,,,,,,,,,
,,,,,,,,,,,,,
,,,,,,,,,,,,,
,,,,,,,,,,,,,
,,,,,,,,,,,,,
,,,,,,,,,,,,,
,,,,,,,,,,,,,
,,,,,,,,,,,,,
,,,,,,,,,,,,,
,,,,,,,,,,,,,
,,,,,,,,,,,,,
,,,,,,,,,,,,,
,,,,,,,,,,,,,
,,,,,,,,,,,,,
,,,,,,,,,,,,,
,,,,,,,,,,,,,
,,,,,,,,,,,,,
,,,,,,,,,,,,,
,,,,,,,,,,,,,
,,,,,,,,,,,,,
,,,,,,,,,,,,,
,,,,,,,,,,,,,
,,,,,,,,,,,,,
,,,,,,,,,,,,,
,,,,,,,,,,,,,
,,,,,,,,,,,,,
,,,,,,,,,,,,,
,,,,,,,,,,,,,
,,,,,,,,,,,,,
,,,,,,,,,,,,,
,,,,,,,,,,,,,
,,,,,,,,,,,,,
,,,,,,,,,,,,,
,,,,,,,,,,,,,
,,,,,,,,,,,,,
,,,,,,,,,,,,,
,,,,,,,,,,,,,
,,,,,,,,,,,,,
,,,,,,,,,,,,,
,,,,,,,,,,,,,
,,,,,,,,,,,,,
,,,,,,,,,,,,,
,,,,,,,,,,,,,
,,,,,,,,,,,,,
,,,,,,,,,,,,,
,,,,,,,,,,,,,
,,,,,,,,,,,,,
,,,,,,,,,,,,,
,,,,,,,,,,,,,
,,,,,,,,,,,,,
,,,,,,,,,,,,,
,,,,,,,,,,,,,
,,,,,,,,,,,,,
,,,,,,,,,,,,,
,,,,,,,,,,,,,
,,,,,,,,,,,,,
,,,,,,,,,,,,,
,,,,,,,,,,,,,
,,,,,,,,,,,,,
,,,,,,,,,,,,,
,,,,,,,,,,,,,
,,,,,,,,,,,,,
,,,,,,,,,,,,,
,,,,,,,,,,,,,
,,,,,,,,,,,,,
,,,,,,,,,,,,,
,,,,,,,,,,,,,
,,,,,,,,,,,,,
,,,,,,,,,,,,,
,,,,,,,,,,,,,
,,,,,,,,,,,,,
,,,,,,,,,,,,,
,,,,,,,,,,,,,
,,,,,,,,,,,,,
,,,,,,,,,,,,,
,,,,,,,,,,,,,
,,,,,,,,,,,,,
,,,,,,,,,,,,,
,,,,,,,,,,,,,
,,,,,,,,,,,,,
,,,,,,,,,,,,,
,,,,,,,,,,,,,
,,,,,,,,,,,,,
,,,,,,,,,,,,,
,,,,,,,,,,,,,
,,,,,,,,,,,,,
,,,,,,,,,,,,,
,,,,,,,,,,,,,
,,,,,,,,,,,,,
,,,,,,,,,,,,,
,,,,,,,,,,,,,
,,,,,,,,,,,,,
,,,,,,,,,,,,,
,,,,,,,,,,,,,
,,,,,,,,,,,,,
,,,,,,,,,,,,,
,,,,,,,,,,,,,
,,,,,,,,,,,,,
,,,,,,,,,,,,,
,,,,,,,,,,,,,
,,,,,,,,,,,,,
,,,,,,,,,,,,,
,,,,,,,,,,,,,
,,,,,,,,,,,,,
,,,,,,,,,,,,,
,,,,,,,,,,,,,
,,,,,,,,,,,,,
,,,,,,,,,,,,,
,,,,,,,,,,,,,
,,,,,,,,,,,,,
,,,,,,,,,,,,,
,,,,,,,,,,,,,
,,,,,,,,,,,,,
,,,,,,,,,,,,,
,,,,,,,,,,,,,
,,,,,,,,,,,,,
,,,,,,,,,,,,,
,,,,,,,,,,,,,
,,,,,,,,,,,,,
,,,,,,,,,,,,,
,,,,,,,,,,,,,
,,,,,,,,,,,,,
,,,,,,,,,,,,,
,,,,,,,,,,,,,
,,,,,,,,,,,,,
,,,,,,,,,,,,,
,,,,,,,,,,,,,
,,,,,,,,,,,,,
,,,,,,,,,,,,,
,,,,,,,,,,,,,
,,,,,,,,,,,,,
,,,,,,,,,,,,,
,,,,,,,,,,,,,
,,,,,,,,,,,,,
,,,,,,,,,,,,,
,,,,,,,,,,,,,
,,,,,,,,,,,,,
,,,,,,,,,,,,,
,,,,,,,,,,,,,
,,,,,,,,,,,,,
,,,,,,,,,,,,,
,,,,,,,,,,,,,
,,,,,,,,,,,,,
,,,,,,,,,,,,,
,,,,,,,,,,,,,
,,,,,,,,,,,,,
,,,,,,,,,,,,,
,,,,,,,,,,,,,
,,,,,,,,,,,,,
,,,,,,,,,,,,,
,,,,,,,,,,,,,
,,,,,,,,,,,,,
,,,,,,,,,,,,,
,,,,,,,,,,,,,
,,,,,,,,,,,,,
,,,,,,,,,,,,,
,,,,,,,,,,,,,
,,,,,,,,,,,,,
,,,,,,,,,,,,,
,,,,,,,,,,,,,
,,,,,,,,,,,,,
,,,,,,,,,,,,,
,,,,,,,,,,,,,
,,,,,,,,,,,,,
,,,,,,,,,,,,,
,,,,,,,,,,,,,
,,,,,,,,,,,,,
,,,,,,,,,,,,,
,,,,,,,,,,,,,
,,,,,,,,,,,,,
,,,,,,,,,,,,,
,,,,,,,,,,,,,
,,,,,,,,,,,,,
,,,,,,,,,,,,,
,,,,,,,,,,,,,
,,,,,,,,,,,,,
,,,,,,,,,,,,,
,,,,,,,,,,,,,
,,,,,,,,,,,,,
,,,,,,,,,,,,,
,,,,,,,,,,,,,
,,,,,,,,,,,,,
,,,,,,,,,,,,,
,,,,,,,,,,,,,
,,,,,,,,,,,,,
,,,,,,,,,,,,,
,,,,,,,,,,,,,
,,,,,,,,,,,,,
,,,,,,,,,,,,,
,,,,,,,,,,,,,
,,,,,,,,,,,,,
,,,,,,,,,,,,,
,,,,,,,,,,,,,
,,,,,,,,,,,,,
,,,,,,,,,,,,,
,,,,,,,,,,,,,
,,,,,,,,,,,,,
,,,,,,,,,,,,,
,,,,,,,,,,,,,
,,,,,,,,,,,,,
,,,,,,,,,,,,,
,,,,,,,,,,,,,
,,,,,,,,,,,,,
,,,,,,,,,,,,,
,,,,,,,,,,,,,
,,,,,,,,,,,,,
,,,,,,,,,,,,,
,,,,,,,,,,,,,
,,,,,,,,,,,,,
,,,,,,,,,,,,,
,,,,,,,,,,,,,
,,,,,,,,,,,,,
,,,,,,,,,,,,,
,,,,,,,,,,,,,
,,,,,,,,,,,,,
,,,,,,,,,,,,,
,,,,,,,,,,,,,
,,,,,,,,,,,,,
,,,,,,,,,,,,,
,,,,,,,,,,,,,
,,,,,,,,,,,,,
,,,,,,,,,,,,,
,,,,,,,,,,,,,
,,,,,,,,,,,,,
,,,,,,,,,,,,,
,,,,,,,,,,,,,
,,,,,,,,,,,,,
,,,,,,,,,,,,,
,,,,,,,,,,,,,
,,,,,,,,,,,,,
,,,,,,,,,,,,,
,,,,,,,,,,,,,
,,,,,,,,,,,,,
,,,,,,,,,,,,,
,,,,,,,,,,,,,
,,,,,,,,,,,,,
,,,,,,,,,,,,,
,,,,,,,,,,,,,
,,,,,,,,,,,,,
,,,,,,,,,,,,,
,,,,,,,,,,,,,
,,,,,,,,,,,,,
,,,,,,,,,,,,,
,,,,,,,,,,,,,
,,,,,,,,,,,,,
,,,,,,,,,,,,,
,,,,,,,,,,,,,
,,,,,,,,,,,,,
,,,,,,,,,,,,,
,,,,,,,,,,,,,
,,,,,,,,,,,,,
,,,,,,,,,,,,,
,,,,,,,,,,,,,
,,,,,,,,,,,,,
,,,,,,,,,,,,,
,,,,,,,,,,,,,
,,,,,,,,,,,,,
,,,,,,,,,,,,,
,,,,,,,,,,,,,
,,,,,,,,,,,,,
,,,,,,,,,,,,,
,,,,,,,,,,,,,
,,,,,,,,,,,,,
,,,,,,,,,,,,,
,,,,,,,,,,,,,
,,,,,,,,,,,,,
,,,,,,,,,,,,,
,,,,,,,,,,,,,
,,,,,,,,,,,,,
,,,,,,,,,,,,,
,,,,,,,,,,,,,
,,,,,,,,,,,,,
,,,,,,,,,,,,,
,,,,,,,,,,,,,
,,,,,,,,,,,,,
,,,,,,,,,,,,,
,,,,,,,,,,,,,
,,,,,,,,,,,,,
,,,,,,,,,,,,,
,,,,,,,,,,,,,
,,,,,,,,,,,,,
,,,,,,,,,,,,,
,,,,,,,,,,,,,
,,,,,,,,,,,,,
,,,,,,,,,,,,,
,,,,,,,,,,,,,
,,,,,,,,,,,,,
,,,,,,,,,,,,,
,,,,,,,,,,,,,
,,,,,,,,,,,,,
,,,,,,,,,,,,,
,,,,,,,,,,,,,
,,,,,,,,,,,,,
,,,,,,,,,,,,,
,,,,,,,,,,,,,
,,,,,,,,,,,,,
,,,,,,,,,,,,,
,,,,,,,,,,,,,
,,,,,,,,,,,,,
,,,,,,,,,,,,,
,,,,,,,,,,,,,
,,,,,,,,,,,,,
,,,,,,,,,,,,,
,,,,,,,,,,,,,
,,,,,,,,,,,,,
,,,,,,,,,,,,,
,,,,,,,,,,,,,
,,,,,,,,,,,,,
,,,,,,,,,,,,,
,,,,,,,,,,,,,
,,,,,,,,,,,,,
,,,,,,,,,,,,,
,,,,,,,,,,,,,
,,,,,,,,,,,,,
,,,,,,,,,,,,,
,,,,,,,,,,,,,
,,,,,,,,,,,,,
,,,,,,,,,,,,,
,,,,,,,,,,,,,
,,,,,,,,,,,,,
,,,,,,,,,,,,,
,,,,,,,,,,,,,
,,,,,,,,,,,,,
,,,,,,,,,,,,,
,,,,,,,,,,,,,
,,,,,,,,,,,,,
,,,,,,,,,,,,,
,,,,,,,,,,,,,
,,,,,,,,,,,,,
,,,,,,,,,,,,,
,,,,,,,,,,,,,
,,,,,,,,,,,,,
,,,,,,,,,,,,,
,,,,,,,,,,,,,
,,,,,,,,,,,,,
,,,,,,,,,,,,,
,,,,,,,,,,,,,
,,,,,,,,,,,,,
,,,,,,,,,,,,,
,,,,,,,,,,,,,
,,,,,,,,,,,,,
,,,,,,,,,,,,,
,,,,,,,,,,,,,
,,,,,,,,,,,,,
,,,,,,,,,,,,,
,,,,,,,,,,,,,
,,,,,,,,,,,,,
,,,,,,,,,,,,,
,,,,,,,,,,,,,
,,,,,,,,,,,,,
,,,,,,,,,,,,,
,,,,,,,,,,,,,
,,,,,,,,,,,,,
,,,,,,,,,,,,,
,,,,,,,,,,,,,
,,,,,,,,,,,,,
,,,,,,,,,,,,,
,,,,,,,,,,,,,
,,,,,,,,,,,,,
,,,,,,,,,,,,,
,,,,,,,,,,,,,
,,,,,,,,,,,,,
,,,,,,,,,,,,,
,,,,,,,,,,,,,
,,,,,,,,,,,,,
,,,,,,,,,,,,,
,,,,,,,,,,,,,
,,,,,,,,,,,,,
,,,,,,,,,,,,,
,,,,,,,,,,,,,
,,,,,,,,,,,,,
,,,,,,,,,,,,,
,,,,,,,,,,,,,
,,,,,,,,,,,,,
,,,,,,,,,,,,,
,,,,,,,,,,,,,
,,,,,,,,,,,,,
,,,,,,,,,,,,,
,,,,,,,,,,,,,
,,,,,,,,,,,,,
,,,,,,,,,,,,,
,,,,,,,,,,,,,
,,,,,,,,,,,,,
,,,,,,,,,,,,,
,,,,,,,,,,,,,
,,,,,,,,,,,,,
,,,,,,,,,,,,,
,,,,,,,,,,,,,
,,,,,,,,,,,,,
,,,,,,,,,,,,,
,,,,,,,,,,,,,
,,,,,,,,,,,,,
,,,,,,,,,,,,,
,,,,,,,,,,,,,
,,,,,,,,,,,,,
,,,,,,,,,,,,,
,,,,,,,,,,,,,
,,,,,,,,,,,,,
,,,,,,,,,,,,,
,,,,,,,,,,,,,
,,,,,,,,,,,,,
,,,,,,,,,,,,,
,,,,,,,,,,,,,
,,,,,,,,,,,,,
,,,,,,,,,,,,,
,,,,,,,,,,,,,
,,,,,,,,,,,,,
,,,,,,,,,,,,,
,,,,,,,,,,,,,
,,,,,,,,,,,,,
,,,,,,,,,,,,,
,,,,,,,,,,,,,
,,,,,,,,,,,,,
,,,,,,,,,,,,,
,,,,,,,,,,,,,
,,,,,,,,,,,,,
,,,,,,,,,,,,,
,,,,,,,,,,,,,
,,,,,,,,,,,,,
,,,,,,,,,,,,,
,,,,,,,,,,,,,
,,,,,,,,,,,,,
,,,,,,,,,,,,,
,,,,,,,,,,,,,
,,,,,,,,,,,,,
,,,,,,,,,,,,,
,,,,,,,,,,,,,
,,,,,,,,,,,,,
,,,,,,,,,,,,,
,,,,,,,,,,,,,
,,,,,,,,,,,,,
,,,,,,,,,,,,,
,,,,,,,,,,,,,
,,,,,,,,,,,,,
,,,,,,,,,,,,,
,,,,,,,,,,,,,
,,,,,,,,,,,,,
,,,,,,,,,,,,,
,,,,,,,,,,,,,
,,,,,,,,,,,,,
,,,,,,,,,,,,,
,,,,,,,,,,,,,
,,,,,,,,,,,,,
,,,,,,,,,,,,,
,,,,,,,,,,,,,
,,,,,,,,,,,,,
,,,,,,,,,,,,,
,,,,,,,,,,,,,
,,,,,,,,,,,,,
,,,,,,,,,,,,,
,,,,,,,,,,,,,
,,,,,,,,,,,,,
,,,,,,,,,,,,,
,,,,,,,,,,,,,
,,,,,,,,,,,,,
,,,,,,,,,,,,,
,,,,,,,,,,,,,
,,,,,,,,,,,,,
,,,,,,,,,,,,,
,,,,,,,,,,,,,
,,,,,,,,,,,,,
,,,,,,,,,,,,,
,,,,,,,,,,,,,
,,,,,,,,,,,,,
,,,,,,,,,,,,,
,,,,,,,,,,,,,
,,,,,,,,,,,,,
,,,,,,,,,,,,,
,,,,,,,,,,,,,
,,,,,,,,,,,,,
,,,,,,,,,,,,,
,,,,,,,,,,,,,
,,,,,,,,,,,,,
,,,,,,,,,,,,,
,,,,,,,,,,,,,
,,,,,,,,,,,,,
,,,,,,,,,,,,,
,,,,,,,,,,,,,
,,,,,,,,,,,,,
,,,,,,,,,,,,,
,,,,,,,,,,,,,
,,,,,,,,,,,,,
,,,,,,,,,,,,,
,,,,,,,,,,,,,
,,,,,,,,,,,,,
,,,,,,,,,,,,,
,,,,,,,,,,,,,
,,,,,,,,,,,,,
,,,,,,,,,,,,,
,,,,,,,,,,,,,
,,,,,,,,,,,,,
,,,,,,,,,,,,,
,,,,,,,,,,,,,
,,,,,,,,,,,,,
,,,,,,,,,,,,,
,,,,,,,,,,,,,
,,,,,,,,,,,,,
,,,,,,,,,,,,,
,,,,,,,,,,,,,
,,,,,,,,,,,,,
,,,,,,,,,,,,,
,,,,,,,,,,,,,
,,,,,,,,,,,,,
,,,,,,,,,,,,,
,,,,,,,,,,,,,
,,,,,,,,,,,,,
,,,,,,,,,,,,,
,,,,,,,,,,,,,
,,,,,,,,,,,,,
,,,,,,,,,,,,,
,,,,,,,,,,,,,
,,,,,,,,,,,,,
,,,,,,,,,,,,,
,,,,,,,,,,,,,
,,,,,,,,,,,,,
,,,,,,,,,,,,,
,,,,,,,,,,,,,
,,,,,,,,,,,,,
,,,,,,,,,,,,,
,,,,,,,,,,,,,
,,,,,,,,,,,,,
,,,,,,,,,,,,,
,,,,,,,,,,,,,
,,,,,,,,,,,,,
,,,,,,,,,,,,,
,,,,,,,,,,,,,
,,,,,,,,,,,,,
,,,,,,,,,,,,,
,,,,,,,,,,,,,
,,,,,,,,,,,,,
,,,,,,,,,,,,,
,,,,,,,,,,,,,
,,,,,,,,,,,,,
,,,,,,,,,,,,,
,,,,,,,,,,,,,
,,,,,,,,,,,,,
,,,,,,,,,,,,,
,,,,,,,,,,,,,
,,,,,,,,,,,,,
,,,,,,,,,,,,,
,,,,,,,,,,,,,
,,,,,,,,,,,,,
,,,,,,,,,,,,,
,,,,,,,,,,,,,
,,,,,,,,,,,,,
,,,,,,,,,,,,,
,,,,,,,,,,,,,
,,,,,,,,,,,,,
,,,,,,,,,,,,,
,,,,,,,,,,,,,
,,,,,,,,,,,,,
,,,,,,,,,,,,,
,,,,,,,,,,,,,
,,,,,,,,,,,,,
,,,,,,,,,,,,,
,,,,,,,,,,,,,
,,,,,,,,,,,,,
,,,,,,,,,,,,,
,,,,,,,,,,,,,
,,,,,,,,,,,,,
,,,,,,,,,,,,,
,,,,,,,,,,,,,
,,,,,,,,,,,,,
,,,,,,,,,,,,,
,,,,,,,,,,,,,
,,,,,,,,,,,,,
,,,,,,,,,,,,,
,,,,,,,,,,,,,
,,,,,,,,,,,,,
,,,,,,,,,,,,,
,,,,,,,,,,,,,
,,,,,,,,,,,,,
,,,,,,,,,,,,,
,,,,,,,,,,,,,
,,,,,,,,,,,,,
,,,,,,,,,,,,,
,,,,,,,,,,,,,
,,,,,,,,,,,,,
,,,,,,,,,,,,,
,,,,,,,,,,,,,
,,,,,,,,,,,,,
,,,,,,,,,,,,,
,,,,,,,,,,,,,
,,,,,,,,,,,,,
,,,,,,,,,,,,,
,,,,,,,,,,,,,
,,,,,,,,,,,,,
,,,,,,,,,,,,,
,,,,,,,,,,,,,
,,,,,,,,,,,,,
,,,,,,,,,,,,,
,,,,,,,,,,,,,
,,,,,,,,,,,,,
,,,,,,,,,,,,,
,,,,,,,,,,,,,
,,,,,,,,,,,,,
,,,,,,,,,,,,,
,,,,,,,,,,,,,
,,,,,,,,,,,,,
,,,,,,,,,,,,,
,,,,,,,,,,,,,
,,,,,,,,,,,,,
,,,,,,,,,,,,,
,,,,,,,,,,,,,
,,,,,,,,,,,,,
,,,,,,,,,,,,,
,,,,,,,,,,,,,
,,,,,,,,,,,,,
,,,,,,,,,,,,,
,,,,,,,,,,,,,
,,,,,,,,,,,,,
,,,,,,,,,,,,,
,,,,,,,,,,,,,
,,,,,,,,,,,,,
,,,,,,,,,,,,,
,,,,,,,,,,,,,
,,,,,,,,,,,,,
,,,,,,,,,,,,,
,,,,,,,,,,,,,
,,,,,,,,,,,,,
,,,,,,,,,,,,,
,,,,,,,,,,,,,
,,,,,,,,,,,,,
,,,,,,,,,,,,,
,,,,,,,,,,,,,
,,,,,,,,,,,,,
,,,,,,,,,,,,,
,,,,,,,,,,,,,
,,,,,,,,,,,,,
,,,,,,,,,,,,,
,,,,,,,,,,,,,
,,,,,,,,,,,,,
,,,,,,,,,,,,,
,,,,,,,,,,,,,
,,,,,,,,,,,,,
,,,,,,,,,,,,,
,,,,,,,,,,,,,
,,,,,,,,,,,,,
,,,,,,,,,,,,,
,,,,,,,,,,,,,
,,,,,,,,,,,,,
,,,,,,,,,,,,,
,,,,,,,,,,,,,
,,,,,,,,,,,,,
,,,,,,,,,,,,,
,,,,,,,,,,,,,
,,,,,,,,,,,,,
,,,,,,,,,,,,,
,,,,,,,,,,,,,
,,,,,,,,,,,,,
,,,,,,,,,,,,,
,,,,,,,,,,,,,
,,,,,,,,,,,,,
,,,,,,,,,,,,,
,,,,,,,,,,,,,
,,,,,,,,,,,,,
,,,,,,,,,,,,,
,,,,,,,,,,,,,
,,,,,,,,,,,,,
,,,,,,,,,,,,,
,,,,,,,,,,,,,
,,,,,,,,,,,,,
,,,,,,,,,,,,,
,,,,,,,,,,,,,
,,,,,,,,,,,,,
,,,,,,,,,,,,,
,,,,,,,,,,,,,
,,,,,,,,,,,,,
,,,,,,,,,,,,,
,,,,,,,,,,,,,
,,,,,,,,,,,,,
,,,,,,,,,,,,,
,,,,,,,,,,,,,
,,,,,,,,,,,,,
,,,,,,,,,,,,,
,,,,,,,,,,,,,
,,,,,,,,,,,,,
,,,,,,,,,,,,,
,,,,,,,,,,,,,
,,,,,,,,,,,,,
,,,,,,,,,,,,,
,,,,,,,,,,,,,
,,,,,,,,,,,,,
,,,,,,,,,,,,,
,,,,,,,,,,,,,
,,,,,,,,,,,,,
,,,,,,,,,,,,,
,,,,,,,,,,,,,
,,,,,,,,,,,,,
,,,,,,,,,,,,,
,,,,,,,,,,,,,
,,,,,,,,,,,,,
,,,,,,,,,,,,,
,,,,,,,,,,,,,
,,,,,,,,,,,,,
,,,,,,,,,,,,,
,,,,,,,,,,,,,
,,,,,,,,,,,,,
,,,,,,,,,,,,,
,,,,,,,,,,,,,
,,,,,,,,,,,,,
,,,,,,,,,,,,,
,,,,,,,,,,,,,
,,,,,,,,,,,,,
,,,,,,,,,,,,,
,,,,,,,,,,,,,
,,,,,,,,,,,,,
,,,,,,,,,,,,,
,,,,,,,,,,,,,
,,,,,,,,,,,,,
,,,,,,,,,,,,,
,,,,,,,,,,,,,
,,,,,,,,,,,,,
,,,,,,,,,,,,,
,,,,,,,,,,,,,
,,,,,,,,,,,,,
,,,,,,,,,,,,,
,,,,,,,,,,,,,
,,,,,,,,,,,,,
,,,,,,,,,,,,,
,,,,,,,,,,,,,
,,,,,,,,,,,,,
,,,,,,,,,,,,,
,,,,,,,,,,,,,
,,,,,,,,,,,,,
,,,,,,,,,,,,,
,,,,,,,,,,,,,
,,,,,,,,,,,,,
,,,,,,,,,,,,,
,,,,,,,,,,,,,
,,,,,,,,,,,,,
,,,,,,,,,,,,,
,,,,,,,,,,,,,
,,,,,,,,,,,,,
,,,,,,,,,,,,,
,,,,,,,,,,,,,
,,,,,,,,,,,,,
,,,,,,,,,,,,,
,,,,,,,,,,,,,
,,,,,,,,,,,,,
,,,,,,,,,,,,,
,,,,,,,,,,,,,
,,,,,,,,,,,,,
,,,,,,,,,,,,,
,,,,,,,,,,,,,
,,,,,,,,,,,,,
,,,,,,,,,,,,,
,,,,,,,,,,,,,
,,,,,,,,,,,,,
,,,,,,,,,,,,,
,,,,,,,,,,,,,
,,,,,,,,,,,,,
,,,,,,,,,,,,,
,,,,,,,,,,,,,
,,,,,,,,,,,,,
,,,,,,,,,,,,,
,,,,,,,,,,,,,
,,,,,,,,,,,,,
,,,,,,,,,,,,,
,,,,,,,,,,,,,
,,,,,,,,,,,,,
,,,,,,,,,,,,,
,,,,,,,,,,,,,
,,,,,,,,,,,,,
,,,,,,,,,,,,,
,,,,,,,,,,,,,
,,,,,,,,,,,,,
,,,,,,,,,,,,,
,,,,,,,,,,,,,
,,,,,,,,,,,,,
,,,,,,,,,,,,,
,,,,,,,,,,,,,
,,,,,,,,,,,,,
,,,,,,,,,,,,,
,,,,,,,,,,,,,
,,,,,,,,,,,,,
,,,,,,,,,,,,,
,,,,,,,,,,,,,
,,,,,,,,,,,,,
,,,,,,,,,,,,,
,,,,,,,,,,,,,
,,,,,,,,,,,,,
,,,,,,,,,,,,,
,,,,,,,,,,,,,
,,,,,,,,,,,,,
,,,,,,,,,,,,,
,,,,,,,,,,,,,
,,,,,,,,,,,,,
,,,,,,,,,,,,,
,,,,,,,,,,,,,
,,,,,,,,,,,,,
,,,,,,,,,,,,,
,,,,,,,,,,,,,
,,,,,,,,,,,,,
,,,,,,,,,,,,,
,,,,,,,,,,,,,
,,,,,,,,,,,,,
,,,,,,,,,,,,,
,,,,,,,,,,,,,
,,,,,,,,,,,,,
,,,,,,,,,,,,,
,,,,,,,,,,,,,
,,,,,,,,,,,,,
,,,,,,,,,,,,,
,,,,,,,,,,,,,
,,,,,,,,,,,,,
,,,,,,,,,,,,,
,,,,,,,,,,,,,
,,,,,,,,,,,,,
,,,,,,,,,,,,,
,,,,,,,,,,,,,
,,,,,,,,,,,,,
,,,,,,,,,,,,,
,,,,,,,,,,,,,
,,,,,,,,,,,,,
,,,,,,,,,,,,,
,,,,,,,,,,,,,
,,,,,,,,,,,,,
,,,,,,,,,,,,,
,,,,,,,,,,,,,
,,,,,,,,,,,,,
,,,,,,,,,,,,,
,,,,,,,,,,,,,
,,,,,,,,,,,,,
,,,,,,,,,,,,,
,,,,,,,,,,,,,
,,,,,,,,,,,,,
,,,,,,,,,,,,,
,,,,,,,,,,,,,
,,,,,,,,,,,,,
,,,,,,,,,,,,,
,,,,,,,,,,,,,
,,,,,,,,,,,,,
,,,,,,,,,,,,,
,,,,,,,,,,,,,
,,,,,,,,,,,,,
,,,,,,,,,,,,,
,,,,,,,,,,,,,
,,,,,,,,,,,,,
,,,,,,,,,,,,,
,,,,,,,,,,,,,
,,,,,,,,,,,,,
,,,,,,,,,,,,,
,,,,,,,,,,,,,
,,,,,,,,,,,,,
,,,,,,,,,,,,,
,,,,,,,,,,,,,
,,,,,,,,,,,,,
,,,,,,,,,,,,,
,,,,,,,,,,,,,
,,,,,,,,,,,,,
,,,,,,,,,,,,,
,,,,,,,,,,,,,
,,,,,,,,,,,,,
,,,,,,,,,,,,,
,,,,,,,,,,,,,
,,,,,,,,,,,,,
,,,,,,,,,,,,,
,,,,,,,,,,,,,
,,,,,,,,,,,,,
,,,,,,,,,,,,,
,,,,,,,,,,,,,
,,,,,,,,,,,,,
,,,,,,,,,,,,,
,,,,,,,,,,,,,
,,,,,,,,,,,,,
,,,,,,,,,,,,,
,,,,,,,,,,,,,
,,,,,,,,,,,,,
,,,,,,,,,,,,,
,,,,,,,,,,,,,
,,,,,,,,,,,,,
,,,,,,,,,,,,,
,,,,,,,,,,,,,
,,,,,,,,,,,,,
,,,,,,,,,,,,,
,,,,,,,,,,,,,
,,,,,,,,,,,,,
,,,,,,,,,,,,,
,,,,,,,,,,,,,
,,,,,,,,,,,,,
,,,,,,,,,,,,,
,,,,,,,,,,,,,
,,,,,,,,,,,,,
,,,,,,,,,,,,,
,,,,,,,,,,,,,
,,,,,,,,,,,,,
,,,,,,,,,,,,,
,,,,,,,,,,,,,
,,,,,,,,,,,,,
,,,,,,,,,,,,,
,,,,,,,,,,,,,
,,,,,,,,,,,,,
,,,,,,,,,,,,,
,,,,,,,,,,,,,
,,,,,,,,,,,,,
,,,,,,,,,,,,,
,,,,,,,,,,,,,
,,,,,,,,,,,,,
,,,,,,,,,,,,,
,,,,,,,,,,,,,
,,,,,,,,,,,,,
,,,,,,,,,,,,,
,,,,,,,,,,,,,
,,,,,,,,,,,,,
,,,,,,,,,,,,,
,,,,,,,,,,,,,
,,,,,,,,,,,,,
,,,,,,,,,,,,,
,,,,,,,,,,,,,
,,,,,,,,,,,,,
,,,,,,,,,,,,,
,,,,,,,,,,,,,
,,,,,,,,,,,,,
,,,,,,,,,,,,,
,,,,,,,,,,,,,
,,,,,,,,,,,,,
,,,,,,,,,,,,,
,,,,,,,,,,,,,
,,,,,,,,,,,,,
,,,,,,,,,,,,,
,,,,,,,,,,,,,
,,,,,,,,,,,,,
,,,,,,,,,,,,,
,,,,,,,,,,,,,
,,,,,,,,,,,,,
,,,,,,,,,,,,,
,,,,,,,,,,,,,
,,,,,,,,,,,,,
,,,,,,,,,,,,,
,,,,,,,,,,,,,
,,,,,,,,,,,,,
,,,,,,,,,,,,,
,,,,,,,,,,,,,
,,,,,,,,,,,,,
,,,,,,,,,,,,,
,,,,,,,,,,,,,
,,,,,,,,,,,,,
,,,,,,,,,,,,,
,,,,,,,,,,,,,
,,,,,,,,,,,,,
,,,,,,,,,,,,,
,,,,,,,,,,,,,
,,,,,,,,,,,,,
,,,,,,,,,,,,,
,,,,,,,,,,,,,
,,,,,,,,,,,,,
,,,,,,,,,,,,,
,,,,,,,,,,,,,
,,,,,,,,,,,,,
,,,,,,,,,,,,,
,,,,,,,,,,,,,
,,,,,,,,,,,,,
,,,,,,,,,,,,,
,,,,,,,,,,,,,
,,,,,,,,,,,,,
,,,,,,,,,,,,,
,,,,,,,,,,,,,
,,,,,,,,,,,,,
,,,,,,,,,,,,,
,,,,,,,,,,,,,
,,,,,,,,,,,,,
,,,,,,,,,,,,,
,,,,,,,,,,,,,
,,,,,,,,,,,,,
,,,,,,,,,,,,,
,,,,,,,,,,,,,
,,,,,,,,,,,,,
,,,,,,,,,,,,,
,,,,,,,,,,,,,
,,,,,,,,,,,,,
,,,,,,,,,,,,,
,,,,,,,,,,,,,
,,,,,,,,,,,,,
,,,,,,,,,,,,,
,,,,,,,,,,,,,
,,,,,,,,,,,,,
,,,,,,,,,,,,,
,,,,,,,,,,,,,
,,,,,,,,,,,,,
,,,,,,,,,,,,,
,,,,,,,,,,,,,
,,,,,,,,,,,,,
,,,,,,,,,,,,,
,,,,,,,,,,,,,
,,,,,,,,,,,,,
,,,,,,,,,,,,,
,,,,,,,,,,,,,
,,,,,,,,,,,,,
,,,,,,,,,,,,,
,,,,,,,,,,,,,
,,,,,,,,,,,,,
,,,,,,,,,,,,,
,,,,,,,,,,,,,
,,,,,,,,,,,,,
,,,,,,,,,,,,,
,,,,,,,,,,,,,
,,,,,,,,,,,,,
,,,,,,,,,,,,,
,,,,,,,,,,,,,
,,,,,,,,,,,,,
,,,,,,,,,,,,,
,,,,,,,,,,,,,
,,,,,,,,,,,,,
,,,,,,,,,,,,,
,,,,,,,,,,,,,
,,,,,,,,,,,,,
,,,,,,,,,,,,,
,,,,,,,,,,,,,
,,,,,,,,,,,,,
,,,,,,,,,,,,,
,,,,,,,,,,,,,
,,,,,,,,,,,,,
,,,,,,,,,,,,,
,,,,,,,,,,,,,
,,,,,,,,,,,,,
,,,,,,,,,,,,,
,,,,,,,,,,,,,
,,,,,,,,,,,,,
,,,,,,,,,,,,,
,,,,,,,,,,,,,
,,,,,,,,,,,,,
,,,,,,,,,,,,,
,,,,,,,,,,,,,
,,,,,,,,,,,,,
,,,,,,,,,,,,,
,,,,,,,,,,,,,
,,,,,,,,,,,,,
,,,,,,,,,,,,,
,,,,,,,,,,,,,
,,,,,,,,,,,,,
,,,,,,,,,,,,,
,,,,,,,,,,,,,
,,,,,,,,,,,,,
,,,,,,,,,,,,,
,,,,,,,,,,,,,
,,,,,,,,,,,,,
,,,,,,,,,,,,,
,,,,,,,,,,,,,
,,,,,,,,,,,,,
,,,,,,,,,,,,,
,,,,,,,,,,,,,
,,,,,,,,,,,,,
,,,,,,,,,,,,,
,,,,,,,,,,,,,
,,,,,,,,,,,,,
,,,,,,,,,,,,,
,,,,,,,,,,,,,
,,,,,,,,,,,,,
,,,,,,,,,,,,,
,,,,,,,,,,,,,
,,,,,,,,,,,,,
,,,,,,,,,,,,,
,,,,,,,,,,,,,
,,,,,,,,,,,,,
,,,,,,,,,,,,,
,,,,,,,,,,,,,
,,,,,,,,,,,,,
,,,,,,,,,,,,,
,,,,,,,,,,,,,
,,,,,,,,,,,,,
,,,,,,,,,,,,,
,,,,,,,,,,,,,
,,,,,,,,,,,,,
,,,,,,,,,,,,,
,,,,,,,,,,,,,
,,,,,,,,,,,,,
,,,,,,,,,,,,,
,,,,,,,,,,,,,
,,,,,,,,,,,,,
,,,,,,,,,,,,,
,,,,,,,,,,,,,
,,,,,,,,,,,,,
,,,,,,,,,,,,,
,,,,,,,,,,,,,
,,,,,,,,,,,,,
,,,,,,,,,,,,,
,,,,,,,,,,,,,
,,,,,,,,,,,,,
,,,,,,,,,,,,,
,,,,,,,,,,,,,
,,,,,,,,,,,,,
,,,,,,,,,,,,,
,,,,,,,,,,,,,
,,,,,,,,,,,,,
,,,,,,,,,,,,,
,,,,,,,,,,,,,
,,,,,,,,,,,,,
,,,,,,,,,,,,,
,,,,,,,,,,,,,
,,,,,,,,,,,,,
,,,,,,,,,,,,,
,,,,,,,,,,,,,
,,,,,,,,,,,,,
,,,,,,,,,,,,,
,,,,,,,,,,,,,
,,,,,,,,,,,,,
,,,,,,,,,,,,,
,,,,,,,,,,,,,
,,,,,,,,,,,,,
,,,,,,,,,,,,,
,,,,,,,,,,,,,
,,,,,,,,,,,,,
,,,,,,,,,,,,,
,,,,,,,,,,,,,
,,,,,,,,,,,,,
,,,,,,,,,,,,,
,,,,,,,,,,,,,
,,,,,,,,,,,,,
,,,,,,,,,,,,,
,,,,,,,,,,,,,
,,,,,,,,,,,,,
,,,,,,,,,,,,,
,,,,,,,,,,,,,
,,,,,,,,,,,,,
,,,,,,,,,,,,,
,,,,,,,,,,,,,
,,,,,,,,,,,,,
,,,,,,,,,,,,,
,,,,,,,,,,,,,
,,,,,,,,,,,,,
,,,,,,,,,,,,,
,,,,,,,,,,,,,
,,,,,,,,,,,,,
,,,,,,,,,,,,,
,,,,,,,,,,,,,
,,,,,,,,,,,,,
,,,,,,,,,,,,,
,,,,,,,,,,,,,
,,,,,,,,,,,,,
,,,,,,,,,,,,,
,,,,,,,,,,,,,
,,,,,,,,,,,,,
,,,,,,,,,,,,,
,,,,,,,,,,,,,
,,,,,,,,,,,,,
,,,,,,,,,,,,,
,,,,,,,,,,,,,
,,,,,,,,,,,,,
,,,,,,,,,,,,,
,,,,,,,,,,,,,
,,,,,,,,,,,,,
,,,,,,,,,,,,,
,,,,,,,,,,,,,
,,,,,,,,,,,,,
,,,,,,,,,,,,,
,,,,,,,,,,,,,
,,,,,,,,,,,,,
,,,,,,,,,,,,,
,,,,,,,,,,,,,
,,,,,,,,,,,,,
,,,,,,,,,,,,,
,,,,,,,,,,,,,
,,,,,,,,,,,,,
,,,,,,,,,,,,,
,,,,,,,,,,,,,
,,,,,,,,,,,,,
,,,,,,,,,,,,,
,,,,,,,,,,,,,
,,,,,,,,,,,,,
,,,,,,,,,,,,,
,,,,,,,,,,,,,
,,,,,,,,,,,,,
,,,,,,,,,,,,,
,,,,,,,,,,,,,
,,,,,,,,,,,,,
,,,,,,,,,,,,,
,,,,,,,,,,,,,
,,,,,,,,,,,,,
,,,,,,,,,,,,,
,,,,,,,,,,,,,
,,,,,,,,,,,,,
,,,,,,,,,,,,,
,,,,,,,,,,,,,
,,,,,,,,,,,,,
,,,,,,,,,,,,,
,,,,,,,,,,,,,
,,,,,,,,,,,,,
,,,,,,,,,,,,,
,,,,,,,,,,,,,
,,,,,,,,,,,,,
,,,,,,,,,,,,,
,,,,,,,,,,,,,
,,,,,,,,,,,,,
,,,,,,,,,,,,,
,,,,,,,,,,,,,
,,,,,,,,,,,,,
,,,,,,,,,,,,,
,,,,,,,,,,,,,
,,,,,,,,,,,,,
,,,,,,,,,,,,,
,,,,,,,,,,,,,
,,,,,,,,,,,,,
,,,,,,,,,,,,,
,,,,,,,,,,,,,
,,,,,,,,,,,,,
,,,,,,,,,,,,,
,,,,,,,,,,,,,
,,,,,,,,,,,,,
,,,,,,,,,,,,,
,,,,,,,,,,,,,
,,,,,,,,,,,,,
,,,,,,,,,,,,,
,,,,,,,,,,,,,
,,,,,,,,,,,,,
,,,,,,,,,,,,,
,,,,,,,,,,,,,
,,,,,,,,,,,,,
,,,,,,,,,,,,,
,,,,,,,,,,,,,
,,,,,,,,,,,,,
,,,,,,,,,,,,,
,,,,,,,,,,,,,
,,,,,,,,,,,,,
,,,,,,,,,,,,,
,,,,,,,,,,,,,
,,,,,,,,,,,,,
,,,,,,,,,,,,,
,,,,,,,,,,,,,
,,,,,,,,,,,,,
,,,,,,,,,,,,,
,,,,,,,,,,,,,
,,,,,,,,,,,,,
,,,,,,,,,,,,,
,,,,,,,,,,,,,
,,,,,,,,,,,,,
,,,,,,,,,,,,,
,,,,,,,,,,,,,
,,,,,,,,,,,,,
,,,,,,,,,,,,,
,,,,,,,,,,,,,
,,,,,,,,,,,,,
,,,,,,,,,,,,,
,,,,,,,,,,,,,
,,,,,,,,,,,,,
,,,,,,,,,,,,,
,,,,,,,,,,,,,
,,,,,,,,,,,,,
,,,,,,,,,,,,,
,,,,,,,,,,,,,
,,,,,,,,,,,,,
,,,,,,,,,,,,,
,,,,,,,,,,,,,
,,,,,,,,,,,,,
,,,,,,,,,,,,,
,,,,,,,,,,,,,
,,,,,,,,,,,,,
,,,,,,,,,,,,,
,,,,,,,,,,,,,
,,,,,,,,,,,,,
,,,,,,,,,,,,,
,,,,,,,,,,,,,
,,,,,,,,,,,,,
,,,,,,,,,,,,,
,,,,,,,,,,,,,
,,,,,,,,,,,,,
,,,,,,,,,,,,,
,,,,,,,,,,,,,
,,,,,,,,,,,,,
,,,,,,,,,,,,,
,,,,,,,,,,,,,
,,,,,,,,,,,,,
,,,,,,,,,,,,,
,,,,,,,,,,,,,
,,,,,,,,,,,,,
,,,,,,,,,,,,,
,,,,,,,,,,,,,
,,,,,,,,,,,,,
,,,,,,,,,,,,,
,,,,,,,,,,,,,
,,,,,,,,,,,,,
,,,,,,,,,,,,,
,,,,,,,,,,,,,
,,,,,,,,,,,,,
,,,,,,,,,,,,,
,,,,,,,,,,,,,
,,,,,,,,,,,,,
,,,,,,,,,,,,,
,,,,,,,,,,,,,
,,,,,,,,,,,,,
,,,,,,,,,,,,,
,,,,,,,,,,,,,
,,,,,,,,,,,,,
,,,,,,,,,,,,,
,,,,,,,,,,,,,
,,,,,,,,,,,,,
,,,,,,,,,,,,,
,,,,,,,,,,,,,
,,,,,,,,,,,,,
,,,,,,,,,,,,,
,,,,,,,,,,,,,
,,,,,,,,,,,,,
,,,,,,,,,,,,,
,,,,,,,,,,,,,
,,,,,,,,,,,,,
,,,,,,,,,,,,,
,,,,,,,,,,,,,
,,,,,,,,,,,,,
,,,,,,,,,,,,,
,,,,,,,,,,,,,
,,,,,,,,,,,,,
,,,,,,,,,,,,,
,,,,,,,,,,,,,
,,,,,,,,,,,,,
,,,,,,,,,,,,,
,,,,,,,,,,,,,
,,,,,,,,,,,,,
,,,,,,,,,,,,,
,,,,,,,,,,,,,
,,,,,,,,,,,,,
,,,,,,,,,,,,,
,,,,,,,,,,,,,
,,,,,,,,,,,,,
,,,,,,,,,,,,,
,,,,,,,,,,,,,
,,,,,,,,,,,,,
,,,,,,,,,,,,,
,,,,,,,,,,,,,
,,,,,,,,,,,,,
,,,,,,,,,,,,,
,,,,,,,,,,,,,
,,,,,,,,,,,,,
,,,,,,,,,,,,,
,,,,,,,,,,,,,
,,,,,,,,,,,,,
,,,,,,,,,,,,,
,,,,,,,,,,,,,
,,,,,,,,,,,,,
,,,,,,,,,,,,,
,,,,,,,,,,,,,
,,,,,,,,,,,,,
,,,,,,,,,,,,,
,,,,,,,,,,,,,
,,,,,,,,,,,,,
,,,,,,,,,,,,,
,,,,,,,,,,,,,
,,,,,,,,,,,,,
,,,,,,,,,,,,,
,,,,,,,,,,,,,
,,,,,,,,,,,,,
,,,,,,,,,,,,,
,,,,,,,,,,,,,
,,,,,,,,,,,,,
,,,,,,,,,,,,,
,,,,,,,,,,,,,
,,,,,,,,,,,,,
,,,,,,,,,,,,,
,,,,,,,,,,,,,
,,,,,,,,,,,,,
,,,,,,,,,,,,,
,,,,,,,,,,,,,
,,,,,,,,,,,,,
,,,,,,,,,,,,,
,,,,,,,,,,,,,
,,,,,,,,,,,,,
,,,,,,,,,,,,,
,,,,,,,,,,,,,
,,,,,,,,,,,,,
,,,,,,,,,,,,,
,,,,,,,,,,,,,
,,,,,,,,,,,,,
,,,,,,,,,,,,,
,,,,,,,,,,,,,
,,,,,,,,,,,,,
,,,,,,,,,,,,,
,,,,,,,,,,,,,
,,,,,,,,,,,,,
,,,,,,,,,,,,,
,,,,,,,,,,,,,
,,,,,,,,,,,,,
,,,,,,,,,,,,,
,,,,,,,,,,,,,
,,,,,,,,,,,,,
,,,,,,,,,,,,,
,,,,,,,,,,,,,
,,,,,,,,,,,,,
,,,,,,,,,,,,,
,,,,,,,,,,,,,
,,,,,,,,,,,,,
,,,,,,,,,,,,,
,,,,,,,,,,,,,
,,,,,,,,,,,,,
,,,,,,,,,,,,,
,,,,,,,,,,,,,
,,,,,,,,,,,,,
,,,,,,,,,,,,,
,,,,,,,,,,,,,
,,,,,,,,,,,,,
,,,,,,,,,,,,,
,,,,,,,,,,,,,
,,,,,,,,,,,,,
,,,,,,,,,,,,,
,,,,,,,,,,,,,
,,,,,,,,,,,,,
,,,,,,,,,,,,,
,,,,,,,,,,,,,
,,,,,,,,,,,,,
,,,,,,,,,,,,,
,,,,,,,,,,,,,
,,,,,,,,,,,,,
,,,,,,,,,,,,,
,,,,,,,,,,,,,
,,,,,,,,,,,,,
,,,,,,,,,,,,,
,,,,,,,,,,,,,
,,,,,,,,,,,,,
,,,,,,,,,,,,,
,,,,,,,,,,,,,
,,,,,,,,,,,,,
,,,,,,,,,,,,,
,,,,,,,,,,,,,
,,,,,,,,,,,,,
,,,,,,,,,,,,,
,,,,,,,,,,,,,
,,,,,,,,,,,,,
,,,,,,,,,,,,,
,,,,,,,,,,,,,
,,,,,,,,,,,,,
,,,,,,,,,,,,,
,,,,,,,,,,,,,
,,,,,,,,,,,,,
,,,,,,,,,,,,,
,,,,,,,,,,,,,
,,,,,,,,,,,,,
,,,,,,,,,,,,,
,,,,,,,,,,,,,
,,,,,,,,,,,,,
,,,,,,,,,,,,,
,,,,,,,,,,,,,
,,,,,,,,,,,,,
,,,,,,,,,,,,,
,,,,,,,,,,,,,
,,,,,,,,,,,,,
,,,,,,,,,,,,,
,,,,,,,,,,,,,
,,,,,,,,,,,,,
,,,,,,,,,,,,,
,,,,,,,,,,,,,
,,,,,,,,,,,,,
,,,,,,,,,,,,,
,,,,,,,,,,,,,
,,,,,,,,,,,,,
,,,,,,,,,,,,,
,,,,,,,,,,,,,
,,,,,,,,,,,,,
,,,,,,,,,,,,,
,,,,,,,,,,,,,
,,,,,,,,,,,,,
,,,,,,,,,,,,,
,,,,,,,,,,,,,
,,,,,,,,,,,,,
,,,,,,,,,,,,,
,,,,,,,,,,,,,
,,,,,,,,,,,,,
,,,,,,,,,,,,,
,,,,,,,,,,,,,
,,,,,,,,,,,,,
,,,,,,,,,,,,,
,,,,,,,,,,,,,
,,,,,,,,,,,,,
,,,,,,,,,,,,,
,,,,,,,,,,,,,
,,,,,,,,,,,,,
,,,,,,,,,,,,,
,,,,,,,,,,,,,
,,,,,,,,,,,,,
,,,,,,,,,,,,,
,,,,,,,,,,,,,
,,,,,,,,,,,,,
,,,,,,,,,,,,,
,,,,,,,,,,,,,
,,,,,,,,,,,,,
,,,,,,,,,,,,,
,,,,,,,,,,,,,
,,,,,,,,,,,,,
,,,,,,,,,,,,,
,,,,,,,,,,,,,
,,,,,,,,,,,,,
,,,,,,,,,,,,,
,,,,,,,,,,,,,
,,,,,,,,,,,,,
,,,,,,,,,,,,,
,,,,,,,,,,,,,
,,,,,,,,,,,,,
,,,,,,,,,,,,,
,,,,,,,,,,,,,
,,,,,,,,,,,,,
,,,,,,,,,,,,,
,,,,,,,,,,,,,
,,,,,,,,,,,,,
,,,,,,,,,,,,,
,,,,,,,,,,,,,
,,,,,,,,,,,,,
,,,,,,,,,,,,,
,,,,,,,,,,,,,
,,,,,,,,,,,,,
,,,,,,,,,,,,,
,,,,,,,,,,,,,
,,,,,,,,,,,,,
,,,,,,,,,,,,,
,,,,,,,,,,,,,
,,,,,,,,,,,,,
,,,,,,,,,,,,,
,,,,,,,,,,,,,
,,,,,,,,,,,,,
,,,,,,,,,,,,,
,,,,,,,,,,,,,
,,,,,,,,,,,,,
,,,,,,,,,,,,,
,,,,,,,,,,,,,
,,,,,,,,,,,,,
,,,,,,,,,,,,,
,,,,,,,,,,,,,
,,,,,,,,,,,,,
,,,,,,,,,,,,,
,,,,,,,,,,,,,
,,,,,,,,,,,,,
,,,,,,,,,,,,,
,,,,,,,,,,,,,
,,,,,,,,,,,,,
,,,,,,,,,,,,,
,,,,,,,,,,,,,
,,,,,,,,,,,,,
,,,,,,,,,,,,,
,,,,,,,,,,,,,
,,,,,,,,,,,,,
,,,,,,,,,,,,,
,,,,,,,,,,,,,
,,,,,,,,,,,,,
,,,,,,,,,,,,,
,,,,,,,,,,,,,
,,,,,,,,,,,,,
,,,,,,,,,,,,,
,,,,,,,,,,,,,
,,,,,,,,,,,,,
,,,,,,,,,,,,,
,,,,,,,,,,,,,
,,,,,,,,,,,,,
,,,,,,,,,,,,,
,,,,,,,,,,,,,
,,,,,,,,,,,,,
,,,,,,,,,,,,,
,,,,,,,,,,,,,
,,,,,,,,,,,,,
,,,,,,,,,,,,,
,,,,,,,,,,,,,
,,,,,,,,,,,,,
,,,,,,,,,,,,,
,,,,,,,,,,,,,
,,,,,,,,,,,,,
,,,,,,,,,,,,,
,,,,,,,,,,,,,
,,,,,,,,,,,,,
,,,,,,,,,,,,,
,,,,,,,,,,,,,
,,,,,,,,,,,,,
,,,,,,,,,,,,,
,,,,,,,,,,,,,
,,,,,,,,,,,,,
,,,,,,,,,,,,,
,,,,,,,,,,,,,
,,,,,,,,,,,,,
,,,,,,,,,,,,,
,,,,,,,,,,,,,
,,,,,,,,,,,,,
,,,,,,,,,,,,,
,,,,,,,,,,,,,
,,,,,,,,,,,,,
,,,,,,,,,,,,,
,,,,,,,,,,,,,
,,,,,,,,,,,,,
,,,,,,,,,,,,,
,,,,,,,,,,,,,
,,,,,,,,,,,,,
,,,,,,,,,,,,,
,,,,,,,,,,,,,
,,,,,,,,,,,,,
,,,,,,,,,,,,,
,,,,,,,,,,,,,
,,,,,,,,,,,,,
,,,,,,,,,,,,,
,,,,,,,,,,,,,
,,,,,,,,,,,,,
,,,,,,,,,,,,,
,,,,,,,,,,,,,
,,,,,,,,,,,,,
,,,,,,,,,,,,,
,,,,,,,,,,,,,
,,,,,,,,,,,,,
,,,,,,,,,,,,,
,,,,,,,,,,,,,
,,,,,,,,,,,,,
,,,,,,,,,,,,,
,,,,,,,,,,,,,
,,,,,,,,,,,,,
,,,,,,,,,,,,,
,,,,,,,,,,,,,
,,,,,,,,,,,,,
,,,,,,,,,,,,,
,,,,,,,,,,,,,
,,,,,,,,,,,,,
,,,,,,,,,,,,,
,,,,,,,,,,,,,
,,,,,,,,,,,,,
,,,,,,,,,,,,,
,,,,,,,,,,,,,
,,,,,,,,,,,,,
,,,,,,,,,,,,,
,,,,,,,,,,,,,
,,,,,,,,,,,,,
,,,,,,,,,,,,,
,,,,,,,,,,,,,
,,,,,,,,,,,,,
,,,,,,,,,,,,,
,,,,,,,,,,,,,
,,,,,,,,,,,,,
,,,,,,,,,,,,,
,,,,,,,,,,,,,
,,,,,,,,,,,,,
,,,,,,,,,,,,,
,,,,,,,,,,,,,
,,,,,,,,,,,,,
,,,,,,,,,,,,,
,,,,,,,,,,,,,
,,,,,,,,,,,,,
,,,,,,,,,,,,,
,,,,,,,,,,,,,
,,,,,,,,,,,,,
,,,,,,,,,,,,,
,,,,,,,,,,,,,
,,,,,,,,,,,,,
,,,,,,,,,,,,,
,,,,,,,,,,,,,
,,,,,,,,,,,,,
,,,,,,,,,,,,,
,,,,,,,,,,,,,
,,,,,,,,,,,,,
,,,,,,,,,,,,,
,,,,,,,,,,,,,
,,,,,,,,,,,,,
,,,,,,,,,,,,,
,,,,,,,,,,,,,
,,,,,,,,,,,,,
,,,,,,,,,,,,,
,,,,,,,,,,,,,
,,,,,,,,,,,,,
,,,,,,,,,,,,,
,,,,,,,,,,,,,
,,,,,,,,,,,,,
,,,,,,,,,,,,,
,,,,,,,,,,,,,
,,,,,,,,,,,,,
,,,,,,,,,,,,,
,,,,,,,,,,,,,
,,,,,,,,,,,,,
,,,,,,,,,,,,,
,,,,,,,,,,,,,
,,,,,,,,,,,,,
,,,,,,,,,,,,,
,,,,,,,,,,,,,
,,,,,,,,,,,,,
,,,,,,,,,,,,,
,,,,,,,,,,,,,
,,,,,,,,,,,,,
,,,,,,,,,,,,,
,,,,,,,,,,,,,
,,,,,,,,,,,,,
,,,,,,,,,,,,,
,,,,,,,,,,,,,
,,,,,,,,,,,,,
,,,,,,,,,,,,,
,,,,,,,,,,,,,
,,,,,,,,,,,,,
,,,,,,,,,,,,,
,,,,,,,,,,,,,
,,,,,,,,,,,,,
,,,,,,,,,,,,,
,,,,,,,,,,,,,
,,,,,,,,,,,,,
,,,,,,,,,,,,,
,,,,,,,,,,,,,
,,,,,,,,,,,,,
,,,,,,,,,,,,,
,,,,,,,,,,,,,
,,,,,,,,,,,,,
,,,,,,,,,,,,,
,,,,,,,,,,,,,
,,,,,,,,,,,,,
,,,,,,,,,,,,,
,,,,,,,,,,,,,
,,,,,,,,,,,,,
,,,,,,,,,,,,,
,,,,,,,,,,,,,
,,,,,,,,,,,,,
,,,,,,,,,,,,,
,,,,,,,,,,,,,
,,,,,,,,,,,,,
,,,,,,,,,,,,,
,,,,,,,,,,,,,
,,,,,,,,,,,,,
,,,,,,,,,,,,,
,,,,,,,,,,,,,
,,,,,,,,,,,,,
,,,,,,,,,,,,,
,,,,,,,,,,,,,
,,,,,,,,,,,,,
,,,,,,,,,,,,,
,,,,,,,,,,,,,
,,,,,,,,,,,,,
,,,,,,,,,,,,,
,,,,,,,,,,,,,
,,,,,,,,,,,,,
,,,,,,,,,,,,,
,,,,,,,,,,,,,
,,,,,,,,,,,,,
,,,,,,,,,,,,,
,,,,,,,,,,,,,
,,,,,,,,,,,,,
,,,,,,,,,,,,,
,,,,,,,,,,,,,
,,,,,,,,,,,,,
,,,,,,,,,,,,,
,,,,,,,,,,,,,
,,,,,,,,,,,,,
,,,,,,,,,,,,,
,,,,,,,,,,,,,
,,,,,,,,,,,,,
,,,,,,,,,,,,,
,,,,,,,,,,,,,
,,,,,,,,,,,,,
,,,,,,,,,,,,,
,,,,,,,,,,,,,
,,,,,,,,,,,,,
,,,,,,,,,,,,,
,,,,,,,,,,,,,
,,,,,,,,,,,,,
,,,,,,,,,,,,,
,,,,,,,,,,,,,
,,,,,,,,,,,,,
,,,,,,,,,,,,,
,,,,,,,,,,,,,
,,,,,,,,,,,,,
,,,,,,,,,,,,,
,,,,,,,,,,,,,
,,,,,,,,,,,,,
,,,,,,,,,,,,,
,,,,,,,,,,,,,
,,,,,,,,,,,,,
,,,,,,,,,,,,,
,,,,,,,,,,,,,
,,,,,,,,,,,,,
,,,,,,,,,,,,,
,,,,,,,,,,,,,
,,,,,,,,,,,,,
,,,,,,,,,,,,,
,,,,,,,,,,,,,
,,,,,,,,,,,,,
,,,,,,,,,,,,,
,,,,,,,,,,,,,
,,,,,,,,,,,,,
,,,,,,,,,,,,,
,,,,,,,,,,,,,
,,,,,,,,,,,,,
,,,,,,,,,,,,,
,,,,,,,,,,,,,
,,,,,,,,,,,,,
,,,,,,,,,,,,,
,,,,,,,,,,,,,
,,,,,,,,,,,,,
,,,,,,,,,,,,,
,,,,,,,,,,,,,
,,,,,,,,,,,,,
,,,,,,,,,,,,,
,,,,,,,,,,,,,
,,,,,,,,,,,,,
,,,,,,,,,,,,,
,,,,,,,,,,,,,
,,,,,,,,,,,,,
,,,,,,,,,,,,,
,,,,,,,,,,,,,
,,,,,,,,,,,,,
,,,,,,,,,,,,,
,,,,,,,,,,,,,
,,,,,,,,,,,,,
,,,,,,,,,,,,,
,,,,,,,,,,,,,
,,,,,,,,,,,,,
,,,,,,,,,,,,,
,,,,,,,,,,,,,
,,,,,,,,,,,,,
,,,,,,,,,,,,,
,,,,,,,,,,,,,
,,,,,,,,,,,,,
,,,,,,,,,,,,,
,,,,,,,,,,,,,
,,,,,,,,,,,,,
,,,,,,,,,,,,,
,,,,,,,,,,,,,
,,,,,,,,,,,,,
,,,,,,,,,,,,,
,,,,,,,,,,,,,
,,,,,,,,,,,,,
,,,,,,,,,,,,,
,,,,,,,,,,,,,
,,,,,,,,,,,,,
,,,,,,,,,,,,,
,,,,,,,,,,,,,
,,,,,,,,,,,,,
,,,,,,,,,,,,,
,,,,,,,,,,,,,
,,,,,,,,,,,,,
,,,,,,,,,,,,,
,,,,,,,,,,,,,
,,,,,,,,,,,,,
,,,,,,,,,,,,,
,,,,,,,,,,,,,
,,,,,,,,,,,,,
,,,,,,,,,,,,,
,,,,,,,,,,,,,
,,,,,,,,,,,,,
,,,,,,,,,,,,,
,,,,,,,,,,,,,
,,,,,,,,,,,,,
,,,,,,,,,,,,,
,,,,,,,,,,,,,
,,,,,,,,,,,,,
,,,,,,,,,,,,,
,,,,,,,,,,,,,
,,,,,,,,,,,,,
,,,,,,,,,,,,,
,,,,,,,,,,,,,
,,,,,,,,,,,,,
,,,,,,,,,,,,,
,,,,,,,,,,,,,
,,,,,,,,,,,,,
,,,,,,,,,,,,,
,,,,,,,,,,,,,
,,,,,,,,,,,,,
,,,,,,,,,,,,,
,,,,,,,,,,,,,
,,,,,,,,,,,,,
,,,,,,,,,,,,,
,,,,,,,,,,,,,
,,,,,,,,,,,,,
,,,,,,,,,,,,,
,,,,,,,,,,,,,
,,,,,,,,,,,,,
,,,,,,,,,,,,,
,,,,,,,,,,,,,
,,,,,,,,,,,,,
,,,,,,,,,,,,,
,,,,,,,,,,,,,
,,,,,,,,,,,,,
,,,,,,,,,,,,,
,,,,,,,,,,,,,
,,,,,,,,,,,,,
,,,,,,,,,,,,,
,,,,,,,,,,,,,
,,,,,,,,,,,,,
,,,,,,,,,,,,,
,,,,,,,,,,,,,
,,,,,,,,,,,,,
,,,,,,,,,,,,,
,,,,,,,,,,,,,
,,,,,,,,,,,,,
,,,,,,,,,,,,,
,,,,,,,,,,,,,
,,,,,,,,,,,,,
,,,,,,,,,,,,,
,,,,,,,,,,,,,
,,,,,,,,,,,,,
,,,,,,,,,,,,,
,,,,,,,,,,,,,
,,,,,,,,,,,,,
,,,,,,,,,,,,,
,,,,,,,,,,,,,
,,,,,,,,,,,,,
,,,,,,,,,,,,,
,,,,,,,,,,,,,
,,,,,,,,,,,,,
,,,,,,,,,,,,,
,,,,,,,,,,,,,
,,,,,,,,,,,,,
,,,,,,,,,,,,,
,,,,,,,,,,,,,
,,,,,,,,,,,,,
,,,,,,,,,,,,,
,,,,,,,,,,,,,
,,,,,,,,,,,,,
,,,,,,,,,,,,,
,,,,,,,,,,,,,
,,,,,,,,,,,,,
,,,,,,,,,,,,,
,,,,,,,,,,,,,
,,,,,,,,,,,,,
,,,,,,,,,,,,,
,,,,,,,,,,,,,
,,,,,,,,,,,,,
,,,,,,,,,,,,,
,,,,,,,,,,,,,
,,,,,,,,,,,,,
,,,,,,,,,,,,,
,,,,,,,,,,,,,
,,,,,,,,,,,,,
,,,,,,,,,,,,,
,,,,,,,,,,,,,
,,,,,,,,,,,,,
,,,,,,,,,,,,,
,,,,,,,,,,,,,
,,,,,,,,,,,,,
,,,,,,,,,,,,,
,,,,,,,,,,,,,
,,,,,,,,,,,,,
,,,,,,,,,,,,,
,,,,,,,,,,,,,
,,,,,,,,,,,,,
,,,,,,,,,,,,,
,,,,,,,,,,,,,
,,,,,,,,,,,,,
,,,,,,,,,,,,,
,,,,,,,,,,,,,
,,,,,,,,,,,,,
,,,,,,,,,,,,,
,,,,,,,,,,,,,
,,,,,,,,,,,,,
,,,,,,,,,,,,,
,,,,,,,,,,,,,
,,,,,,,,,,,,,
,,,,,,,,,,,,,
,,,,,,,,,,,,,
,,,,,,,,,,,,,
,,,,,,,,,,,,,
,,,,,,,,,,,,,
,,,,,,,,,,,,,
,,,,,,,,,,,,,
,,,,,,,,,,,,,
,,,,,,,,,,,,,
,,,,,,,,,,,,,
,,,,,,,,,,,,,
,,,,,,,,,,,,,
,,,,,,,,,,,,,
,,,,,,,,,,,,,
,,,,,,,,,,,,,
,,,,,,,,,,,,,
,,,,,,,,,,,,,
,,,,,,,,,,,,,
,,,,,,,,,,,,,
,,,,,,,,,,,,,
,,,,,,,,,,,,,
,,,,,,,,,,,,,
,,,,,,,,,,,,,
,,,,,,,,,,,,,
,,,,,,,,,,,,,
,,,,,,,,,,,,,
,,,,,,,,,,,,,
,,,,,,,,,,,,,
,,,,,,,,,,,,,
,,,,,,,,,,,,,
,,,,,,,,,,,,,
,,,,,,,,,,,,,
,,,,,,,,,,,,,
,,,,,,,,,,,,,
,,,,,,,,,,,,,
,,,,,,,,,,,,,
,,,,,,,,,,,,,
,,,,,,,,,,,,,
,,,,,,,,,,,,,
,,,,,,,,,,,,,
,,,,,,,,,,,,,
,,,,,,,,,,,,,
,,,,,,,,,,,,,
,,,,,,,,,,,,,
,,,,,,,,,,,,,
,,,,,,,,,,,,,
,,,,,,,,,,,,,
,,,,,,,,,,,,,
,,,,,,,,,,,,,
,,,,,,,,,,,,,
,,,,,,,,,,,,,
,,,,,,,,,,,,,
,,,,,,,,,,,,,
,,,,,,,,,,,,,
,,,,,,,,,,,,,
,,,,,,,,,,,,,
,,,,,,,,,,,,,
,,,,,,,,,,,,,
,,,,,,,,,,,,,
,,,,,,,,,,,,,
,,,,,,,,,,,,,
,,,,,,,,,,,,,
,,,,,,,,,,,,,
,,,,,,,,,,,,,
,,,,,,,,,,,,,
,,,,,,,,,,,,,
,,,,,,,,,,,,,
,,,,,,,,,,,,,
,,,,,,,,,,,,,
,,,,,,,,,,,,,
,,,,,,,,,,,,,
,,,,,,,,,,,,,
,,,,,,,,,,,,,
,,,,,,,,,,,,,
,,,,,,,,,,,,,
,,,,,,,,,,,,,
,,,,,,,,,,,,,
,,,,,,,,,,,,,
,,,,,,,,,,,,,
,,,,,,,,,,,,,
,,,,,,,,,,,,,
,,,,,,,,,,,,,
,,,,,,,,,,,,,
,,,,,,,,,,,,,
,,,,,,,,,,,,,
,,,,,,,,,,,,,
,,,,,,,,,,,,,
,,,,,,,,,,,,,
,,,,,,,,,,,,,
,,,,,,,,,,,,,
,,,,,,,,,,,,,
,,,,,,,,,,,,,
,,,,,,,,,,,,,
,,,,,,,,,,,,,
,,,,,,,,,,,,,
,,,,,,,,,,,,,
,,,,,,,,,,,,,
,,,,,,,,,,,,,
,,,,,,,,,,,,,
,,,,,,,,,,,,,
,,,,,,,,,,,,,
,,,,,,,,,,,,,
,,,,,,,,,,,,,
,,,,,,,,,,,,,
,,,,,,,,,,,,,
,,,,,,,,,,,,,
,,,,,,,,,,,,,
,,,,,,,,,,,,,
,,,,,,,,,,,,,
,,,,,,,,,,,,,
,,,,,,,,,,,,,
,,,,,,,,,,,,,
,,,,,,,,,,,,,
,,,,,,,,,,,,,
,,,,,,,,,,,,,
,,,,,,,,,,,,,
,,,,,,,,,,,,,
,,,,,,,,,,,,,
,,,,,,,,,,,,,
,,,,,,,,,,,,,
,,,,,,,,,,,,,
,,,,,,,,,,,,,
,,,,,,,,,,,,,
,,,,,,,,,,,,,
,,,,,,,,,,,,,
,,,,,,,,,,,,,
,,,,,,,,,,,,,
,,,,,,,,,,,,,
,,,,,,,,,,,,,
,,,,,,,,,,,,,
,,,,,,,,,,,,,
,,,,,,,,,,,,,
,,,,,,,,,,,,,
,,,,,,,,,,,,,
,,,,,,,,,,,,,
,,,,,,,,,,,,,
,,,,,,,,,,,,,
,,,,,,,,,,,,,
,,,,,,,,,,,,,
,,,,,,,,,,,,,
,,,,,,,,,,,,,
,,,,,,,,,,,,,
,,,,,,,,,,,,,
,,,,,,,,,,,,,
,,,,,,,,,,,,,
,,,,,,,,,,,,,
,,,,,,,,,,,,,
,,,,,,,,,,,,,
,,,,,,,,,,,,,
,,,,,,,,,,,,,
,,,,,,,,,,,,,
,,,,,,,,,,,,,
,,,,,,,,,,,,,
,,,,,,,,,,,,,
,,,,,,,,,,,,,
,,,,,,,,,,,,,
,,,,,,,,,,,,,
,,,,,,,,,,,,,
,,,,,,,,,,,,,
,,,,,,,,,,,,,
,,,,,,,,,,,,,
,,,,,,,,,,,,,
,,,,,,,,,,,,,
,,,,,,,,,,,,,
,,,,,,,,,,,,,
,,,,,,,,,,,,,
,,,,,,,,,,,,,
,,,,,,,,,,,,,
,,,,,,,,,,,,,
,,,,,,,,,,,,,
,,,,,,,,,,,,,
,,,,,,,,,,,,,
,,,,,,,,,,,,,
,,,,,,,,,,,,,
,,,,,,,,,,,,,
,,,,,,,,,,,,,
,,,,,,,,,,,,,
,,,,,,,,,,,,,
,,,,,,,,,,,,,
,,,,,,,,,,,,,
,,,,,,,,,,,,,
,,,,,,,,,,,,,
,,,,,,,,,,,,,
,,,,,,,,,,,,,
,,,,,,,,,,,,,
,,,,,,,,,,,,,
,,,,,,,,,,,,,
,,,,,,,,,,,,,
,,,,,,,,,,,,,
,,,,,,,,,,,,,
,,,,,,,,,,,,,
,,,,,,,,,,,,,
,,,,,,,,,,,,,
,,,,,,,,,,,,,
,,,,,,,,,,,,,
,,,,,,,,,,,,,
,,,,,,,,,,,,,
,,,,,,,,,,,,,
,,,,,,,,,,,,,
,,,,,,,,,,,,,
,,,,,,,,,,,,,
,,,,,,,,,,,,,
,,,,,,,,,,,,,
,,,,,,,,,,,,,
,,,,,,,,,,,,,
,,,,,,,,,,,,,
,,,,,,,,,,,,,
,,,,,,,,,,,,,
,,,,,,,,,,,,,
,,,,,,,,,,,,,
,,,,,,,,,,,,,
,,,,,,,,,,,,,
,,,,,,,,,,,,,
,,,,,,,,,,,,,
,,,,,,,,,,,,,
,,,,,,,,,,,,,
,,,,,,,,,,,,,
,,,,,,,,,,,,,
,,,,,,,,,,,,,
,,,,,,,,,,,,,
,,,,,,,,,,,,,
,,,,,,,,,,,,,
,,,,,,,,,,,,,
,,,,,,,,,,,,,
,,,,,,,,,,,,,
,,,,,,,,,,,,,
,,,,,,,,,,,,,
,,,,,,,,,,,,,
,,,,,,,,,,,,,
,,,,,,,,,,,,,
,,,,,,,,,,,,,
,,,,,,,,,,,,,
,,,,,,,,,,,,,
,,,,,,,,,,,,,
,,,,,,,,,,,,,
,,,,,,,,,,,,,
,,,,,,,,,,,,,
,,,,,,,,,,,,,
,,,,,,,,,,,,,
,,,,,,,,,,,,,
,,,,,,,,,,,,,
,,,,,,,,,,,,,
,,,,,,,,,,,,,
,,,,,,,,,,,,,
,,,,,,,,,,,,,
,,,,,,,,,,,,,
,,,,,,,,,,,,,
,,,,,,,,,,,,,
,,,,,,,,,,,,,
,,,,,,,,,,,,,
,,,,,,,,,,,,,
,,,,,,,,,,,,,
,,,,,,,,,,,,,
,,,,,,,,,,,,,
,,,,,,,,,,,,,
,,,,,,,,,,,,,
,,,,,,,,,,,,,
,,,,,,,,,,,,,
,,,,,,,,,,,,,
,,,,,,,,,,,,,
,,,,,,,,,,,,,
,,,,,,,,,,,,,
,,,,,,,,,,,,,
,,,,,,,,,,,,,
,,,,,,,,,,,,,
,,,,,,,,,,,,,
,,,,,,,,,,,,,
,,,,,,,,,,,,,
,,,,,,,,,,,,,
,,,,,,,,,,,,,
,,,,,,,,,,,,,
,,,,,,,,,,,,,
,,,,,,,,,,,,,
,,,,,,,,,,,,,
,,,,,,,,,,,,,
,,,,,,,,,,,,,
,,,,,,,,,,,,,
,,,,,,,,,,,,,
,,,,,,,,,,,,,
,,,,,,,,,,,,,
,,,,,,,,,,,,,
,,,,,,,,,,,,,
,,,,,,,,,,,,,
,,,,,,,,,,,,,
,,,,,,,,,,,,,
,,,,,,,,,,,,,
,,,,,,,,,,,,,
,,,,,,,,,,,,,
,,,,,,,,,,,,,
,,,,,,,,,,,,,
,,,,,,,,,,,,,
,,,,,,,,,,,,,
,,,,,,,,,,,,,
,,,,,,,,,,,,,
,,,,,,,,,,,,,
,,,,,,,,,,,,,
,,,,,,,,,,,,,
,,,,,,,,,,,,,
,,,,,,,,,,,,,
,,,,,,,,,,,,,
,,,,,,,,,,,,,
,,,,,,,,,,,,,
,,,,,,,,,,,,,
,,,,,,,,,,,,,
,,,,,,,,,,,,,
,,,,,,,,,,,,,
,,,,,,,,,,,,,
,,,,,,,,,,,,,
,,,,,,,,,,,,,
,,,,,,,,,,,,,
,,,,,,,,,,,,,
,,,,,,,,,,,,,
,,,,,,,,,,,,,
,,,,,,,,,,,,,
,,,,,,,,,,,,,
,,,,,,,,,,,,,
,,,,,,,,,,,,,
,,,,,,,,,,,,,
,,,,,,,,,,,,,
,,,,,,,,,,,,,
,,,,,,,,,,,,,
,,,,,,,,,,,,,
,,,,,,,,,,,,,
,,,,,,,,,,,,,
,,,,,,,,,,,,,
,,,,,,,,,,,,,
,,,,,,,,,,,,,
,,,,,,,,,,,,,
,,,,,,,,,,,,,
,,,,,,,,,,,,,
,,,,,,,,,,,,,
,,,,,,,,,,,,,
,,,,,,,,,,,,,
,,,,,,,,,,,,,
,,,,,,,,,,,,,
,,,,,,,,,,,,,
,,,,,,,,,,,,,
,,,,,,,,,,,,,
,,,,,,,,,,,,,
,,,,,,,,,,,,,
,,,,,,,,,,,,,
,,,,,,,,,,,,,
,,,,,,,,,,,,,
,,,,,,,,,,,,,
,,,,,,,,,,,,,
,,,,,,,,,,,,,
,,,,,,,,,,,,,
,,,,,,,,,,,,,
,,,,,,,,,,,,,
,,,,,,,,,,,,,
,,,,,,,,,,,,,
,,,,,,,,,,,,,
,,,,,,,,,,,,,
,,,,,,,,,,,,,
,,,,,,,,,,,,,
,,,,,,,,,,,,,
,,,,,,,,,,,,,
,,,,,,,,,,,,,
,,,,,,,,,,,,,
,,,,,,,,,,,,,
,,,,,,,,,,,,,
,,,,,,,,,,,,,
,,,,,,,,,,,,,
,,,,,,,,,,,,,
,,,,,,,,,,,,,
,,,,,,,,,,,,,
,,,,,,,,,,,,,
,,,,,,,,,,,,,
,,,,,,,,,,,,,
,,,,,,,,,,,,,
,,,,,,,,,,,,,
,,,,,,,,,,,,,
,,,,,,,,,,,,,
,,,,,,,,,,,,,
,,,,,,,,,,,,,
,,,,,,,,,,,,,
,,,,,,,,,,,,,
,,,,,,,,,,,,,
,,,,,,,,,,,,,
,,,,,,,,,,,,,
,,,,,,,,,,,,,
,,,,,,,,,,,,,
,,,,,,,,,,,,,
,,,,,,,,,,,,,
,,,,,,,,,,,,,
,,,,,,,,,,,,,
,,,,,,,,,,,,,
,,,,,,,,,,,,,
,,,,,,,,,,,,,
,,,,,,,,,,,,,
,,,,,,,,,,,,,
,,,,,,,,,,,,,
,,,,,,,,,,,,,
,,,,,,,,,,,,,
,,,,,,,,,,,,,
,,,,,,,,,,,,,
,,,,,,,,,,,,,
,,,,,,,,,,,,,
,,,,,,,,,,,,,
,,,,,,,,,,,,,
,,,,,,,,,,,,,
,,,,,,,,,,,,,
,,,,,,,,,,,,,
,,,,,,,,,,,,,
,,,,,,,,,,,,,
,,,,,,,,,,,,,
,,,,,,,,,,,,,
,,,,,,,,,,,,,
,,,,,,,,,,,,,
,,,,,,,,,,,,,
,,,,,,,,,,,,,
,,,,,,,,,,,,,
,,,,,,,,,,,,,
,,,,,,,,,,,,,
,,,,,,,,,,,,,
,,,,,,,,,,,,,
,,,,,,,,,,,,,
,,,,,,,,,,,,,
,,,,,,,,,,,,,
,,,,,,,,,,,,,
,,,,,,,,,,,,,
,,,,,,,,,,,,,
,,,,,,,,,,,,,
,,,,,,,,,,,,,
,,,,,,,,,,,,,
,,,,,,,,,,,,,
,,,,,,,,,,,,,
,,,,,,,,,,,,,
,,,,,,,,,,,,,
,,,,,,,,,,,,,
,,,,,,,,,,,,,
,,,,,,,,,,,,,
,,,,,,,,,,,,,
,,,,,,,,,,,,,
,,,,,,,,,,,,,
,,,,,,,,,,,,,
,,,,,,,,,,,,,
,,,,,,,,,,,,,
,,,,,,,,,,,,,
,,,,,,,,,,,,,
,,,,,,,,,,,,,
,,,,,,,,,,,,,
,,,,,,,,,,,,,
,,,,,,,,,,,,,
,,,,,,,,,,,,,
,,,,,,,,,,,,,
,,,,,,,,,,,,,
,,,,,,,,,,,,,
,,,,,,,,,,,,,
,,,,,,,,,,,,,
,,,,,,,,,,,,,
,,,,,,,,,,,,,
,,,,,,,,,,,,,
,,,,,,,,,,,,,
,,,,,,,,,,,,,
,,,,,,,,,,,,,
,,,,,,,,,,,,,
,,,,,,,,,,,,,
,,,,,,,,,,,,,
,,,,,,,,,,,,,
,,,,,,,,,,,,,
,,,,,,,,,,,,,
,,,,,,,,,,,,,
,,,,,,,,,,,,,
,,,,,,,,,,,,,
,,,,,,,,,,,,,
,,,,,,,,,,,,,
,,,,,,,,,,,,,
,,,,,,,,,,,,,
,,,,,,,,,,,,,
,,,,,,,,,,,,,
,,,,,,,,,,,,,
,,,,,,,,,,,,,
,,,,,,,,,,,,,
,,,,,,,,,,,,,
,,,,,,,,,,,,,
,,,,,,,,,,,,,
,,,,,,,,,,,,,
,,,,,,,,,,,,,
,,,,,,,,,,,,,
,,,,,,,,,,,,,
,,,,,,,,,,,,,
,,,,,,,,,,,,,
,,,,,,,,,,,,,
,,,,,,,,,,,,,
,,,,,,,,,,,,,
,,,,,,,,,,,,,
,,,,,,,,,,,,,
,,,,,,,,,,,,,
,,,,,,,,,,,,,
,,,,,,,,,,,,,
,,,,,,,,,,,,,
,,,,,,,,,,,,,
,,,,,,,,,,,,,
,,,,,,,,,,,,,
,,,,,,,,,,,,,
,,,,,,,,,,,,,
,,,,,,,,,,,,,
,,,,,,,,,,,,,
,,,,,,,,,,,,,
,,,,,,,,,,,,,
,,,,,,,,,,,,,
,,,,,,,,,,,,,
,,,,,,,,,,,,,
,,,,,,,,,,,,,
,,,,,,,,,,,,,
,,,,,,,,,,,,,
,,,,,,,,,,,,,
,,,,,,,,,,,,,
,,,,,,,,,,,,,
,,,,,,,,,,,,,
,,,,,,,,,,,,,
,,,,,,,,,,,,,
,,,,,,,,,,,,,
,,,,,,,,,,,,,
,,,,,,,,,,,,,
,,,,,,,,,,,,,
,,,,,,,,,,,,,
,,,,,,,,,,,,,
,,,,,,,,,,,,,
,,,,,,,,,,,,,
,,,,,,,,,,,,,
,,,,,,,,,,,,,
,,,,,,,,,,,,,
,,,,,,,,,,,,,
,,,,,,,,,,,,,
,,,,,,,,,,,,,
,,,,,,,,,,,,,
,,,,,,,,,,,,,
,,,,,,,,,,,,,
,,,,,,,,,,,,,
,,,,,,,,,,,,,
,,,,,,,,,,,,,
,,,,,,,,,,,,,
,,,,,,,,,,,,,
,,,,,,,,,,,,,
,,,,,,,,,,,,,
,,,,,,,,,,,,,
,,,,,,,,,,,,,
,,,,,,,,,,,,,
,,,,,,,,,,,,,
,,,,,,,,,,,,,
,,,,,,,,,,,,,
,,,,,,,,,,,,,
,,,,,,,,,,,,,
,,,,,,,,,,,,,
,,,,,,,,,,,,,
,,,,,,,,,,,,,
,,,,,,,,,,,,,
,,,,,,,,,,,,,
,,,,,,,,,,,,,
,,,,,,,,,,,,,
,,,,,,,,,,,,,
,,,,,,,,,,,,,
,,,,,,,,,,,,,
,,,,,,,,,,,,,
,,,,,,,,,,,,,
,,,,,,,,,,,,,
,,,,,,,,,,,,,
,,,,,,,,,,,,,
,,,,,,,,,,,,,
,,,,,,,,,,,,,
,,,,,,,,,,,,,
,,,,,,,,,,,,,
,,,,,,,,,,,,,
,,,,,,,,,,,,,
,,,,,,,,,,,,,
,,,,,,,,,,,,,
,,,,,,,,,,,,,
,,,,,,,,,,,,,
,,,,,,,,,,,,,
,,,,,,,,,,,,,
,,,,,,,,,,,,,
,,,,,,,,,,,,,
,,,,,,,,,,,,,
,,,,,,,,,,,,,
,,,,,,,,,,,,,
,,,,,,,,,,,,,
,,,,,,,,,,,,,
,,,,,,,,,,,,,
,,,,,,,,,,,,,
,,,,,,,,,,,,,
,,,,,,,,,,,,,
,,,,,,,,,,,,,
,,,,,,,,,,,,,
,,,,,,,,,,,,,
,,,,,,,,,,,,,
,,,,,,,,,,,,,
,,,,,,,,,,,,,
,,,,,,,,,,,,,
,,,,,,,,,,,,,
,,,,,,,,,,,,,
,,,,,,,,,,,,,
,,,,,,,,,,,,,
,,,,,,,,,,,,,
,,,,,,,,,,,,,
,,,,,,,,,,,,,
,,,,,,,,,,,,,
,,,,,,,,,,,,,
,,,,,,,,,,,,,
,,,,,,,,,,,,,
,,,,,,,,,,,,,
,,,,,,,,,,,,,
,,,,,,,,,,,,,
,,,,,,,,,,,,,
,,,,,,,,,,,,,
,,,,,,,,,,,,,
,,,,,,,,,,,,,
,,,,,,,,,,,,,
,,,,,,,,,,,,,
,,,,,,,,,,,,,
,,,,,,,,,,,,,
,,,,,,,,,,,,,
,,,,,,,,,,,,,
,,,,,,,,,,,,,
,,,,,,,,,,,,,
,,,,,,,,,,,,,
,,,,,,,,,,,,,
,,,,,,,,,,,,,
,,,,,,,,,,,,,
,,,,,,,,,,,,,
,,,,,,,,,,,,,
,,,,,,,,,,,,,
,,,,,,,,,,,,,
,,,,,,,,,,,,,
,,,,,,,,,,,,,
,,,,,,,,,,,,,
,,,,,,,,,,,,,
,,,,,,,,,,,,,
,,,,,,,,,,,,,
,,,,,,,,,,,,,
,,,,,,,,,,,,,
,,,,,,,,,,,,,
,,,,,,,,,,,,,
,,,,,,,,,,,,,
,,,,,,,,,,,,,
,,,,,,,,,,,,,
,,,,,,,,,,,,,
,,,,,,,,,,,,,
,,,,,,,,,,,,,
,,,,,,,,,,,,,
,,,,,,,,,,,,,
,,,,,,,,,,,,,
,,,,,,,,,,,,,
,,,,,,,,,,,,,
,,,,,,,,,,,,,
,,,,,,,,,,,,,
,,,,,,,,,,,,,
,,,,,,,,,,,,,
,,,,,,,,,,,,,
,,,,,,,,,,,,,
,,,,,,,,,,,,,
,,,,,,,,,,,,,
,,,,,,,,,,,,,
,,,,,,,,,,,,,
,,,,,,,,,,,,,
,,,,,,,,,,,,,
,,,,,,,,,,,,,
,,,,,,,,,,,,,
,,,,,,,,,,,,,
,,,,,,,,,,,,,
,,,,,,,,,,,,,
,,,,,,,,,,,,,
,,,,,,,,,,,,,
,,,,,,,,,,,,,
,,,,,,,,,,,,,
,,,,,,,,,,,,,
,,,,,,,,,,,,,
,,,,,,,,,,,,,
,,,,,,,,,,,,,
,,,,,,,,,,,,,
,,,,,,,,,,,,,
,,,,,,,,,,,,,
,,,,,,,,,,,,,
,,,,,,,,,,,,,
,,,,,,,,,,,,,
,,,,,,,,,,,,,
,,,,,,,,,,,,,
,,,,,,,,,,,,,
,,,,,,,,,,,,,
,,,,,,,,,,,,,
,,,,,,,,,,,,,
,,,,,,,,,,,,,
,,,,,,,,,,,,,
,,,,,,,,,,,,,
,,,,,,,,,,,,,
,,,,,,,,,,,,,
,,,,,,,,,,,,,
,,,,,,,,,,,,,
,,,,,,,,,,,,,
,,,,,,,,,,,,,
,,,,,,,,,,,,,
,,,,,,,,,,,,,
,,,,,,,,,,,,,
,,,,,,,,,,,,,
,,,,,,,,,,,,,
,,,,,,,,,,,,,
,,,,,,,,,,,,,
,,,,,,,,,,,,,
,,,,,,,,,,,,,
,,,,,,,,,,,,,
,,,,,,,,,,,,,
,,,,,,,,,,,,,
,,,,,,,,,,,,,
,,,,,,,,,,,,,
,,,,,,,,,,,,,
,,,,,,,,,,,,,
,,,,,,,,,,,,,
,,,,,,,,,,,,,
,,,,,,,,,,,,,
,,,,,,,,,,,,,
,,,,,,,,,,,,,
,,,,,,,,,,,,,
,,,,,,,,,,,,,
,,,,,,,,,,,,,
,,,,,,,,,,,,,
,,,,,,,,,,,,,
,,,,,,,,,,,,,
,,,,,,,,,,,,,
,,,,,,,,,,,,,
,,,,,,,,,,,,,
,,,,,,,,,,,,,
,,,,,,,,,,,,,
,,,,,,,,,,,,,
,,,,,,,,,,,,,
,,,,,,,,,,,,,
,,,,,,,,,,,,,
,,,,,,,,,,,,,
,,,,,,,,,,,,,
,,,,,,,,,,,,,
,,,,,,,,,,,,,
,,,,,,,,,,,,,
,,,,,,,,,,,,,
,,,,,,,,,,,,,
,,,,,,,,,,,,,
,,,,,,,,,,,,,
,,,,,,,,,,,,,
,,,,,,,,,,,,,
,,,,,,,,,,,,,
,,,,,,,,,,,,,
,,,,,,,,,,,,,
,,,,,,,,,,,,,
,,,,,,,,,,,,,
,,,,,,,,,,,,,
,,,,,,,,,,,,,
,,,,,,,,,,,,,
,,,,,,,,,,,,,
,,,,,,,,,,,,,
,,,,,,,,,,,,,
,,,,,,,,,,,,,
,,,,,,,,,,,,,
,,,,,,,,,,,,,
,,,,,,,,,,,,,
,,,,,,,,,,,,,
,,,,,,,,,,,,,
,,,,,,,,,,,,,
,,,,,,,,,,,,,
,,,,,,,,,,,,,
,,,,,,,,,,,,,
,,,,,,,,,,,,,
,,,,,,,,,,,,,
,,,,,,,,,,,,,
,,,,,,,,,,,,,
,,,,,,,,,,,,,
,,,,,,,,,,,,,
,,,,,,,,,,,,,
,,,,,,,,,,,,,
,,,,,,,,,,,,,
,,,,,,,,,,,,,
,,,,,,,,,,,,,
,,,,,,,,,,,,,
,,,,,,,,,,,,,
,,,,,,,,,,,,,
,,,,,,,,,,,,,
,,,,,,,,,,,,,
,,,,,,,,,,,,,
,,,,,,,,,,,,,
,,,,,,,,,,,,,
,,,,,,,,,,,,,
,,,,,,,,,,,,,
,,,,,,,,,,,,,
,,,,,,,,,,,,,
,,,,,,,,,,,,,
,,,,,,,,,,,,,
,,,,,,,,,,,,,
,,,,,,,,,,,,,
,,,,,,,,,,,,,
,,,,,,,,,,,,,
,,,,,,,,,,,,,
,,,,,,,,,,,,,
,,,,,,,,,,,,,
,,,,,,,,,,,,,
,,,,,,,,,,,,,
,,,,,,,,,,,,,
,,,,,,,,,,,,,
,,,,,,,,,,,,,
,,,,,,,,,,,,,
,,,,,,,,,,,,,
,,,,,,,,,,,,,
,,,,,,,,,,,,,
,,,,,,,,,,,,,
,,,,,,,,,,,,,
,,,,,,,,,,,,,
,,,,,,,,,,,,,
,,,,,,,,,,,,,
,,,,,,,,,,,,,
,,,,,,,,,,,,,
,,,,,,,,,,,,,
,,,,,,,,,,,,,
,,,,,,,,,,,,,
,,,,,,,,,,,,,
,,,,,,,,,,,,,
,,,,,,,,,,,,,
,,,,,,,,,,,,,
,,,,,,,,,,,,,
,,,,,,,,,,,,,
,,,,,,,,,,,,,
,,,,,,,,,,,,,
,,,,,,,,,,,,,
,,,,,,,,,,,,,
,,,,,,,,,,,,,
,,,,,,,,,,,,,
,,,,,,,,,,,,,
,,,,,,,,,,,,,
,,,,,,,,,,,,,
,,,,,,,,,,,,,
,,,,,,,,,,,,,
,,,,,,,,,,,,,
,,,,,,,,,,,,,
,,,,,,,,,,,,,
,,,,,,,,,,,,,
,,,,,,,,,,,,,
,,,,,,,,,,,,,
,,,,,,,,,,,,,
,,,,,,,,,,,,,
,,,,,,,,,,,,,
,,,,,,,,,,,,,
,,,,,,,,,,,,,
,,,,,,,,,,,,,
,,,,,,,,,,,,,
,,,,,,,,,,,,,
,,,,,,,,,,,,,
,,,,,,,,,,,,,
,,,,,,,,,,,,,
,,,,,,,,,,,,,
,,,,,,,,,,,,,
,,,,,,,,,,,,,
,,,,,,,,,,,,,
,,,,,,,,,,,,,
,,,,,,,,,,,,,
,,,,,,,,,,,,,
,,,,,,,,,,,,,
,,,,,,,,,,,,,
,,,,,,,,,,,,,
,,,,,,,,,,,,,
,,,,,,,,,,,,,
,,,,,,,,,,,,,
,,,,,,,,,,,,,
,,,,,,,,,,,,,
,,,,,,,,,,,,,
,,,,,,,,,,,,,
,,,,,,,,,,,,,
,,,,,,,,,,,,,
,,,,,,,,,,,,,
,,,,,,,,,,,,,
,,,,,,,,,,,,,
,,,,,,,,,,,,,
,,,,,,,,,,,,,
,,,,,,,,,,,,,
,,,,,,,,,,,,,
,,,,,,,,,,,,,
,,,,,,,,,,,,,
,,,,,,,,,,,,,
,,,,,,,,,,,,,
,,,,,,,,,,,,,
,,,,,,,,,,,,,
,,,,,,,,,,,,,
,,,,,,,,,,,,,
,,,,,,,,,,,,,
,,,,,,,,,,,,,
,,,,,,,,,,,,,
,,,,,,,,,,,,,
,,,,,,,,,,,,,
,,,,,,,,,,,,,
,,,,,,,,,,,,,
,,,,,,,,,,,,,
,,,,,,,,,,,,,
,,,,,,,,,,,,,
,,,,,,,,,,,,,
,,,,,,,,,,,,,
,,,,,,,,,,,,,
,,,,,,,,,,,,,
,,,,,,,,,,,,,
,,,,,,,,,,,,,
,,,,,,,,,,,,,
,,,,,,,,,,,,,
,,,,,,,,,,,,,
,,,,,,,,,,,,,
,,,,,,,,,,,,,
,,,,,,,,,,,,,
,,,,,,,,,,,,,
,,,,,,,,,,,,,
,,,,,,,,,,,,,
,,,,,,,,,,,,,
,,,,,,,,,,,,,
,,,,,,,,,,,,,
,,,,,,,,,,,,,
,,,,,,,,,,,,,
,,,,,,,,,,,,,
,,,,,,,,,,,,,
,,,,,,,,,,,,,
,,,,,,,,,,,,,
,,,,,,,,,,,,,
,,,,,,,,,,,,,
,,,,,,,,,,,,,
,,,,,,,,,,,,,
,,,,,,,,,,,,,
,,,,,,,,,,,,,
,,,,,,,,,,,,,
,,,,,,,,,,,,,
,,,,,,,,,,,,,
,,,,,,,,,,,,,
,,,,,,,,,,,,,
,,,,,,,,,,,,,
,,,,,,,,,,,,,
,,,,,,,,,,,,,
,,,,,,,,,,,,,
,,,,,,,,,,,,,
,,,,,,,,,,,,,
,,,,,,,,,,,,,
,,,,,,,,,,,,,
,,,,,,,,,,,,,
,,,,,,,,,,,,,
,,,,,,,,,,,,,
,,,,,,,,,,,,,
,,,,,,,,,,,,,
,,,,,,,,,,,,,
,,,,,,,,,,,,,
,,,,,,,,,,,,,
,,,,,,,,,,,,,
,,,,,,,,,,,,,
,,,,,,,,,,,,,
,,,,,,,,,,,,,
,,,,,,,,,,,,,
,,,,,,,,,,,,,
,,,,,,,,,,,,,
,,,,,,,,,,,,,
,,,,,,,,,,,,,
,,,,,,,,,,,,,
,,,,,,,,,,,,,
,,,,,,,,,,,,,
,,,,,,,,,,,,,
,,,,,,,,,,,,,
,,,,,,,,,,,,,
,,,,,,,,,,,,,
,,,,,,,,,,,,,
,,,,,,,,,,,,,
,,,,,,,,,,,,,
,,,,,,,,,,,,,
,,,,,,,,,,,,,
,,,,,,,,,,,,,
,,,,,,,,,,,,,
,,,,,,,,,,,,,
,,,,,,,,,,,,,
,,,,,,,,,,,,,
,,,,,,,,,,,,,
,,,,,,,,,,,,,
,,,,,,,,,,,,,
,,,,,,,,,,,,,
,,,,,,,,,,,,,
,,,,,,,,,,,,,
,,,,,,,,,,,,,
,,,,,,,,,,,,,
,,,,,,,,,,,,,
,,,,,,,,,,,,,
,,,,,,,,,,,,,
,,,,,,,,,,,,,
,,,,,,,,,,,,,
,,,,,,,,,,,,,
,,,,,,,,,,,,,
,,,,,,,,,,,,,
,,,,,,,,,,,,,
,,,,,,,,,,,,,
,,,,,,,,,,,,,
,,,,,,,,,,,,,
,,,,,,,,,,,,,
,,,,,,,,,,,,,
,,,,,,,,,,,,,
,,,,,,,,,,,,,
,,,,,,,,,,,,,
,,,,,,,,,,,,,
,,,,,,,,,,,,,
,,,,,,,,,,,,,
,,,,,,,,,,,,,
,,,,,,,,,,,,,
,,,,,,,,,,,,,
,,,,,,,,,,,,,
,,,,,,,,,,,,,
,,,,,,,,,,,,,
,,,,,,,,,,,,,
,,,,,,,,,,,,,
,,,,,,,,,,,,,
,,,,,,,,,,,,,
,,,,,,,,,,,,,
,,,,,,,,,,,,,
,,,,,,,,,,,,,
,,,,,,,,,,,,,
,,,,,,,,,,,,,
,,,,,,,,,,,,,
,,,,,,,,,,,,,
,,,,,,,,,,,,,
,,,,,,,,,,,,,
,,,,,,,,,,,,,
,,,,,,,,,,,,,
,,,,,,,,,,,,,
,,,,,,,,,,,,,
,,,,,,,,,,,,,
,,,,,,,,,,,,,
,,,,,,,,,,,,,
,,,,,,,,,,,,,
,,,,,,,,,,,,,
,,,,,,,,,,,,,
,,,,,,,,,,,,,
,,,,,,,,,,,,,
,,,,,,,,,,,,,
,,,,,,,,,,,,,
,,,,,,,,,,,,,
,,,,,,,,,,,,,
,,,,,,,,,,,,,
,,,,,,,,,,,,,
,,,,,,,,,,,,,
,,,,,,,,,,,,,
,,,,,,,,,,,,,
,,,,,,,,,,,,,
,,,,,,,,,,,,,
,,,,,,,,,,,,,
,,,,,,,,,,,,,
,,,,,,,,,,,,,
,,,,,,,,,,,,,
,,,,,,,,,,,,,
,,,,,,,,,,,,,
,,,,,,,,,,,,,
,,,,,,,,,,,,,
,,,,,,,,,,,,,
,,,,,,,,,,,,,
,,,,,,,,,,,,,
,,,,,,,,,,,,,
,,,,,,,,,,,,,
,,,,,,,,,,,,,
,,,,,,,,,,,,,
,,,,,,,,,,,,,
,,,,,,,,,,,,,
,,,,,,,,,,,,,
,,,,,,,,,,,,,
,,,,,,,,,,,,,
,,,,,,,,,,,,,
,,,,,,,,,,,,,
,,,,,,,,,,,,,
,,,,,,,,,,,,,
,,,,,,,,,,,,,
,,,,,,,,,,,,,
,,,,,,,,,,,,,
,,,,,,,,,,,,,
,,,,,,,,,,,,,
,,,,,,,,,,,,,
,,,,,,,,,,,,,
,,,,,,,,,,,,,
,,,,,,,,,,,,,
,,,,,,,,,,,,,
,,,,,,,,,,,,,
,,,,,,,,,,,,,
,,,,,,,,,,,,,
,,,,,,,,,,,,,
,,,,,,,,,,,,,
,,,,,,,,,,,,,
,,,,,,,,,,,,,
,,,,,,,,,,,,,
,,,,,,,,,,,,,
,,,,,,,,,,,,,
,,,,,,,,,,,,,
,,,,,,,,,,,,,
,,,,,,,,,,,,,
,,,,,,,,,,,,,
,,,,,,,,,,,,,
,,,,,,,,,,,,,
,,,,,,,,,,,,,
,,,,,,,,,,,,,
,,,,,,,,,,,,,
,,,,,,,,,,,,,
,,,,,,,,,,,,,
,,,,,,,,,,,,,
,,,,,,,,,,,,,
,,,,,,,,,,,,,
,,,,,,,,,,,,,
,,,,,,,,,,,,,
,,,,,,,,,,,,,
,,,,,,,,,,,,,
,,,,,,,,,,,,,
,,,,,,,,,,,,,
,,,,,,,,,,,,,
,,,,,,,,,,,,,
,,,,,,,,,,,,,
,,,,,,,,,,,,,
,,,,,,,,,,,,,
,,,,,,,,,,,,,
,,,,,,,,,,,,,
,,,,,,,,,,,,,
,,,,,,,,,,,,,
,,,,,,,,,,,,,
,,,,,,,,,,,,,
,,,,,,,,,,,,,
,,,,,,,,,,,,,
,,,,,,,,,,,,,
,,,,,,,,,,,,,
,,,,,,,,,,,,,
,,,,,,,,,,,,,
,,,,,,,,,,,,,
,,,,,,,,,,,,,
,,,,,,,,,,,,,
,,,,,,,,,,,,,
,,,,,,,,,,,,,
,,,,,,,,,,,,,
,,,,,,,,,,,,,
,,,,,,,,,,,,,
,,,,,,,,,,,,,
,,,,,,,,,,,,,
,,,,,,,,,,,,,
,,,,,,,,,,,,,
,,,,,,,,,,,,,
,,,,,,,,,,,,,
,,,,,,,,,,,,,
,,,,,,,,,,,,,
,,,,,,,,,,,,,
,,,,,,,,,,,,,
,,,,,,,,,,,,,
,,,,,,,,,,,,,
,,,,,,,,,,,,,
,,,,,,,,,,,,,
,,,,,,,,,,,,,
,,,,,,,,,,,,,
,,,,,,,,,,,,,
,,,,,,,,,,,,,
,,,,,,,,,,,,,
,,,,,,,,,,,,,
,,,,,,,,,,,,,
,,,,,,,,,,,,,
,,,,,,,,,,,,,
,,,,,,,,,,,,,
,,,,,,,,,,,,,
,,,,,,,,,,,,,
,,,,,,,,,,,,,
,,,,,,,,,,,,,
,,,,,,,,,,,,,
,,,,,,,,,,,,,
,,,,,,,,,,,,,
,,,,,,,,,,,,,
,,,,,,,,,,,,,
,,,,,,,,,,,,,
,,,,,,,,,,,,,
,,,,,,,,,,,,,
,,,,,,,,,,,,,
,,,,,,,,,,,,,
,,,,,,,,,,,,,
,,,,,,,,,,,,,
,,,,,,,,,,,,,
,,,,,,,,,,,,,
,,,,,,,,,,,,,
,,,,,,,,,,,,,
,,,,,,,,,,,,,
,,,,,,,,,,,,,
,,,,,,,,,,,,,
,,,,,,,,,,,,,
,,,,,,,,,,,,,
,,,,,,,,,,,,,
,,,,,,,,,,,,,
,,,,,,,,,,,,,
,,,,,,,,,,,,,
,,,,,,,,,,,,,
,,,,,,,,,,,,,
,,,,,,,,,,,,,
,,,,,,,,,,,,,
,,,,,,,,,,,,,
,,,,,,,,,,,,,
,,,,,,,,,,,,,
,,,,,,,,,,,,,
,,,,,,,,,,,,,
,,,,,,,,,,,,,
,,,,,,,,,,,,,
,,,,,,,,,,,,,
,,,,,,,,,,,,,
,,,,,,,,,,,,,
,,,,,,,,,,,,,
,,,,,,,,,,,,,
,,,,,,,,,,,,,
,,,,,,,,,,,,,
,,,,,,,,,,,,,
,,,,,,,,,,,,,
,,,,,,,,,,,,,
,,,,,,,,,,,,,
,,,,,,,,,,,,,
,,,,,,,,,,,,,
,,,,,,,,,,,,,
,,,,,,,,,,,,,
,,,,,,,,,,,,,
,,,,,,,,,,,,,
,,,,,,,,,,,,,
,,,,,,,,,,,,,
,,,,,,,,,,,,,
,,,,,,,,,,,,,
,,,,,,,,,,,,,
,,,,,,,,,,,,,
,,,,,,,,,,,,,
,,,,,,,,,,,,,
,,,,,,,,,,,,,
,,,,,,,,,,,,,
,,,,,,,,,,,,,
,,,,,,,,,,,,,
,,,,,,,,,,,,,
,,,,,,,,,,,,,
,,,,,,,,,,,,,
,,,,,,,,,,,,,
,,,,,,,,,,,,,
,,,,,,,,,,,,,
,,,,,,,,,,,,,
,,,,,,,,,,,,,
,,,,,,,,,,,,,
,,,,,,,,,,,,,
,,,,,,,,,,,,,
,,,,,,,,,,,,,
,,,,,,,,,,,,,
,,,,,,,,,,,,,
,,,,,,,,,,,,,
,,,,,,,,,,,,,
,,,,,,,,,,,,,
,,,,,,,,,,,,,
,,,,,,,,,,,,,
,,,,,,,,,,,,,
,,,,,,,,,,,,,
,,,,,,,,,,,,,
,,,,,,,,,,,,,
,,,,,,,,,,,,,
,,,,,,,,,,,,,
,,,,,,,,,,,,,
,,,,,,,,,,,,,
,,,,,,,,,,,,,
,,,,,,,,,,,,,
,,,,,,,,,,,,,
,,,,,,,,,,,,,
,,,,,,,,,,,,,
,,,,,,,,,,,,,
,,,,,,,,,,,,,
,,,,,,,,,,,,,
,,,,,,,,,,,,,
,,,,,,,,,,,,,
,,,,,,,,,,,,,
,,,,,,,,,,,,,
,,,,,,,,,,,,,
,,,,,,,,,,,,,
,,,,,,,,,,,,,
,,,,,,,,,,,,,
,,,,,,,,,,,,,
,,,,,,,,,,,,,
,,,,,,,,,,,,,
,,,,,,,,,,,,,
,,,,,,,,,,,,,
,,,,,,,,,,,,,
,,,,,,,,,,,,,
,,,,,,,,,,,,,
,,,,,,,,,,,,,
,,,,,,,,,,,,,
,,,,,,,,,,,,,
,,,,,,,,,,,,,
,,,,,,,,,,,,,
,,,,,,,,,,,,,
,,,,,,,,,,,,,
,,,,,,,,,,,,,
,,,,,,,,,,,,,
,,,,,,,,,,,,,
,,,,,,,,,,,,,
,,,,,,,,,,,,,
,,,,,,,,,,,,,
,,,,,,,,,,,,,
,,,,,,,,,,,,,
,,,,,,,,,,,,,
,,,,,,,,,,,,,
,,,,,,,,,,,,,
,,,,,,,,,,,,,
,,,,,,,,,,,,,
,,,,,,,,,,,,,
,,,,,,,,,,,,,
,,,,,,,,,,,,,
,,,,,,,,,,,,,
,,,,,,,,,,,,,
,,,,,,,,,,,,,
,,,,,,,,,,,,,
,,,,,,,,,,,,,
,,,,,,,,,,,,,
,,,,,,,,,,,,,
,,,,,,,,,,,,,
,,,,,,,,,,,,,
,,,,,,,,,,,,,
,,,,,,,,,,,,,
,,,,,,,,,,,,,
,,,,,,,,,,,,,
,,,,,,,,,,,,,
,,,,,,,,,,,,,
,,,,,,,,,,,,,
,,,,,,,,,,,,,
,,,,,,,,,,,,,
,,,,,,,,,,,,,
,,,,,,,,,,,,,
,,,,,,,,,,,,,
,,,,,,,,,,,,,
,,,,,,,,,,,,,
,,,,,,,,,,,,,
,,,,,,,,,,,,,
,,,,,,,,,,,,,
,,,,,,,,,,,,,
,,,,,,,,,,,,,
,,,,,,,,,,,,,
,,,,,,,,,,,,,
,,,,,,,,,,,,,
,,,,,,,,,,,,,
,,,,,,,,,,,,,
,,,,,,,,,,,,,
,,,,,,,,,,,,,
,,,,,,,,,,,,,
,,,,,,,,,,,,,
,,,,,,,,,,,,,
,,,,,,,,,,,,,
,,,,,,,,,,,,,
,,,,,,,,,,,,,
,,,,,,,,,,,,,
,,,,,,,,,,,,,
,,,,,,,,,,,,,
,,,,,,,,,,,,,
,,,,,,,,,,,,,
,,,,,,,,,,,,,
,,,,,,,,,,,,,
,,,,,,,,,,,,,
,,,,,,,,,,,,,
,,,,,,,,,,,,,
,,,,,,,,,,,,,
,,,,,,,,,,,,,
,,,,,,,,,,,,,
,,,,,,,,,,,,,
,,,,,,,,,,,,,
,,,,,,,,,,,,,
,,,,,,,,,,,,,
,,,,,,,,,,,,,
,,,,,,,,,,,,,
,,,,,,,,,,,,,
,,,,,,,,,,,,,
,,,,,,,,,,,,,
,,,,,,,,,,,,,
,,,,,,,,,,,,,
,,,,,,,,,,,,,
,,,,,,,,,,,,,
,,,,,,,,,,,,,
,,,,,,,,,,,,,
,,,,,,,,,,,,,
,,,,,,,,,,,,,
,,,,,,,,,,,,,
,,,,,,,,,,,,,
,,,,,,,,,,,,,
,,,,,,,,,,,,,
,,,,,,,,,,,,,
,,,,,,,,,,,,,
,,,,,,,,,,,,,
,,,,,,,,,,,,,
,,,,,,,,,,,,,
,,,,,,,,,,,,,
,,,,,,,,,,,,,
,,,,,,,,,,,,,
,,,,,,,,,,,,,
,,,,,,,,,,,,,
,,,,,,,,,,,,,
,,,,,,,,,,,,,
,,,,,,,,,,,,,
,,,,,,,,,,,,,
,,,,,,,,,,,,,
,,,,,,,,,,,,,
,,,,,,,,,,,,,
,,,,,,,,,,,,,
,,,,,,,,,,,,,
,,,,,,,,,,,,,
,,,,,,,,,,,,,
,,,,,,,,,,,,,
,,,,,,,,,,,,,
,,,,,,,,,,,,,
,,,,,,,,,,,,,
,,,,,,,,,,,,,
,,,,,,,,,,,,,
,,,,,,,,,,,,,
,,,,,,,,,,,,,
,,,,,,,,,,,,,
,,,,,,,,,,,,,
,,,,,,,,,,,,,
,,,,,,,,,,,,,
,,,,,,,,,,,,,
,,,,,,,,,,,,,
,,,,,,,,,,,,,
,,,,,,,,,,,,,
,,,,,,,,,,,,,
,,,,,,,,,,,,,
,,,,,,,,,,,,,
,,,,,,,,,,,,,
,,,,,,,,,,,,,
,,,,,,,,,,,,,
,,,,,,,,,,,,,
,,,,,,,,,,,,,
,,,,,,,,,,,,,
,,,,,,,,,,,,,
,,,,,,,,,,,,,
,,,,,,,,,,,,,
,,,,,,,,,,,,,
,,,,,,,,,,,,,
,,,,,,,,,,,,,
,,,,,,,,,,,,,
,,,,,,,,,,,,,
,,,,,,,,,,,,,
,,,,,,,,,,,,,
,,,,,,,,,,,,,
,,,,,,,,,,,,,
,,,,,,,,,,,,,
,,,,,,,,,,,,,
,,,,,,,,,,,,,
